@article{Mensing2011,
    title = {{A 15,000 year record of vegetation and climate change from a treeline lake in the Rocky Mountains, Wyoming, USA}},
    year = {2011},
    journal = {The Holocene},
    author = {Mensing, Scott and Korfmacher, John and Minckley, Thomas and Musselman, Robert},
    number = {7},
    pages = {739--748},
    volume = {22},
    doi = {10.1177/0959683611430339},
    keywords = {Holocene, Rocky Mountains, United States, Wyoming, august 2011, climate change, conifer stomata, holocene, pollen, received 5 july 2011, revised manuscript accepted 16, rocky mountains, treeline, united states, wyoming}
}

@article{Salguero-Gomez2012,
    title = {{A demographic approach to study effects of climate change in desert plants}},
    year = {2012},
    journal = {Philosophical Transactions of the Royal Society B: Biological Sciences},
    author = {Salguero-G{\'{o}}mez, Roberto and Siewert, Wolfgang and Casper, Brenda B. and Tielb{\"{o}}rger, Katja},
    number = {1606},
    pages = {3100--3114},
    volume = {367},
    doi = {10.1098/rstb.2012.0074},
    issn = {14712970},
    keywords = {Climate change, Demographic buffering, Integral projection model, Periodic population matrix model, Precipitation, Stochastic population growth rate ({$\lambda$}s)}
}

@article{Vicente-Serrano2010a,
    title = {{A multiscalar drought index sensitive to global warming: The standardized precipitation evapotranspiration index}},
    year = {2010},
    journal = {Journal of Climate},
    author = {Vicente-Serrano, Sergio M. and Beguer{\'{i}}a, Santiago and L{\'{o}}pez-Moreno, Juan I.},
    number = {7},
    pages = {1696--1718},
    volume = {23},
    isbn = {0894-8755},
    doi = {10.1175/2009JCLI2909.1},
    issn = {08948755},
    pmid = {52009663}
}

@article{Vicente-Serrano2010,
    title = {{A New Global 0.58 Gridded Dataset (1901–2006) of a Multiscalar Drought Index: Comparison with Current Drought Index Datasets Based on the Palmer Drought Severity Index}},
    year = {2010},
    volume = {11},
    number = {4},
    pages = {1033-1043},
    doi = {10.1175/2010JHM1224.1},
    journal = {Journal of Hydrometeorology},
    author = {Vicente-Serrano, SM and Beguer{\'{i}}a, S and L{\'{o}}pez-Moreno, Juan I. and Angulo, M and El Kenawy, A}
}

@article{Adler2007,
    title = {{A niche for neutrality}},
    year = {2007},
    journal = {Ecology Letters},
    author = {Adler, Peter B. and HilleRislambers, Janneke and Levine, Jonathan M.},
    number = {2},
    pages = {95--104},
    volume = {10},
    isbn = {1461-023X},
    doi = {10.1111/j.1461-0248.2006.00996.x},
    issn = {1461023X},
    pmid = {17257097},
    arxivId = {arXiv:1011.1669v3},
    keywords = {Coexistence, Frequency dependence, Neutral theory, Niche, Plant community, Species diversity}
}

@article{Laughlin2012,
    title = {{A predictive model of community assembly that incorporates intraspecific trait variation}},
    year = {2012},
    journal = {Ecology Letters},
    author = {Laughlin, Daniel C. and Joshi, Chaitanya and van Bodegom, Peter M. and Bastow, Zachary A. and Ful{\'{e}}, Peter Z.},
    number = {11},
    pages = {1291--1299},
    volume = {15},
    isbn = {1461-0248},
    doi = {10.1111/j.1461-0248.2012.01852.x},
    issn = {1461023X},
    pmid = {22906233},
    keywords = {Assembly rules, Bark thickness, Environmental filtering, Hierarchical Bayesian model, Limiting similarity, Maximum entropy, Specific leaf area, Trait convergence, Trait divergence, Wood density}
}

@article{Thompson2006,
    title = {{A truce with neutral theory : local deterministic factors , species traits and dispersal limitation together determine patterns of diversity in stream invertebrates}},
    year = {2006},
    journal = {Journal of Animal Ecology},
    author = {Thompson, Ross and Townsend, Colin},
    pages = {476--484},
    volume = {75},
    doi = {10.1111/j.1365-2656.2006.01068.x}
}

@article{Volaire2018,
    title = {{A unified framework of plant adaptive strategies to drought: crossing scales and disciplines}},
    year = {2018},
    journal = {Global Change Biology},
    author = {Volaire, Florence},
    number = {7},
    volume = {24},
    isbn = {0000000154871},
    doi = {10.1111/gcb.14062},
    issn = {13541013},
    pmid = {27935037},
    arxivId = {arXiv:physics/0608246v3},
    archivePrefix = {arXiv},
    eprint = {0608246v3},
    primaryClass = {physics}
}

@article{Paniw2017,
    title = {{Accounting for uncertainty in dormant life stages in stochastic demographic models}},
    year = {2017},
    journal = {Oikos},
    author = {Paniw, Maria and Quintana-Ascencio, Pedro F. and Ojeda, Fernando and Salguero-G{\'{o}}mez, Roberto},
    number = {6},
    pages = {900--909},
    volume = {126},
    isbn = {1600-0706},
    doi = {10.1111/oik.03696},
    issn = {16000706}
}

@article{Brabyn2014,
    title = {{Accuracy assessment of land surface temperature retrievals from Landsat 7 ETM + in the Dry Valleys of Antarctica using iButton temperature loggers and weather station data}},
    year = {2014},
    author = {Brabyn, Lars and Zawar-reza, Peyman and Stichbury, Glen and Cary, Craig and Storey, Bryan and Laughlin, Daniel C and Katurji, Marwan},
    pages = {2619--2628},
    doi = {10.1007/s10661-013-3565-9},
    keywords = {antarctica, brabyn, dry, g, geography, l, land surface temperature, landsat, stichbury, tourism and environmental planning, university, valleys}
}

@article{Laughlin2013,
    title = {{Advances in modeling trait-based plant community assembly}},
    year = {2013},
    journal = {Trends in Plant Science},
    author = {Laughlin, Daniel C. and Laughlin, David E.},
    number = {10},
    pages = {584--593},
    volume = {18},
    publisher = {Elsevier Ltd},
    url = {http://dx.doi.org/10.1016/j.tplants.2013.04.012},
    isbn = {1360-1385},
    doi = {10.1016/j.tplants.2013.04.012},
    issn = {13601385},
    pmid = {23727200},
    keywords = {Environmental filtering, Hierarchical Bayesian model, Intraspecific trait variation, Limiting similarity, Maximum entropy, Natural range of variability, Niche differentiation, Species distribution modeling, Trait convergence, Trait divergence}
}

@article{Ellis2012,
    title = {{All Is Not Loss : Plant Biodiversity in the Anthropocene}},
    year = {2012},
    journal = {PLoS ONE},
    author = {Ellis, Erle C and Antill, Erica C and Kreft, Holger},
    number = {1},
    volume = {7},
    doi = {10.1371/journal.pone.0030535}
}

@article{Ellner2018,
    title = {{An expanded modern coexistence theory for empirical applications}},
    year = {2018},
    journal = {Ecology Letters},
    author = {Ellner, Stephen P. and Snyder, Robin E. and Adler, Peter B. and Hooker, Giles},
    url = {http://doi.wiley.com/10.1111/ele.13159},
    doi = {10.1111/ele.13159},
    issn = {1461023X},
    keywords = {1 robin e, 2018, coexistence, competition, ecology letters, ellner, environmental variability, model, stephen p, theory}
}

@article{Ellison1996,
    title = {{An Introduction to Bayesian Inference for Ecological Research and Environmental AN INTRODUCTION TO BAYESIAN INFERENCE FOR ECOLOGICAL RESEARCH AND ENVIRONMENTAL DECISION-MAKING1,2}},
    year = {1996},
    journal = {Ecological Applications},
    author = {Ellison, Aaron M},
    number = {64},
    pages = {1036--1046},
    volume = {6},
    url = {http://www.jstor.org/stable/2269588 http://about.jstor.org/terms},
    keywords = {Bayesian inference, decision analysis, environmental decision-making, epistemology, probability, statistical errors, uncertainty}
}

@article{Mountains2019,
    title = {{An Overview of the Origins of the Modern Vegetation and Flora of the Northern Rocky Mountains Author ( s ): Jack A . Wolfe Source : Annals of the Missouri Botanical Garden , Vol . 74 , No . 4 ( 1987 ), pp . 785-803 Published by : Missouri Botanical Garden}},
    year = {2019},
    author = {Mountains, Northern Rocky and Wolfe, Jack A},
    number = {4},
    pages = {785--803},
    volume = {74}
}

@article{Floyd1998,
    title = {{Analysis of a Transition Matrix Model for Gaura neomexicana Ssp . coloradensis (Onagraceae) Reveals Spatial and Temporal Demographic Variability}},
    year = {1998},
    journal = {International Journal of Plant Sciences},
    author = {Floyd, Sandra K and Ranker, Tom A},
    number = {5},
    pages = {853--863},
    volume = {159}
}

@article{Laughlin2014,
    title = {{Applying trait-based models to achieve functional targets for theory-driven ecological restoration}},
    year = {2014},
    journal = {Ecology Letters},
    author = {Laughlin, Daniel C.},
    number = {7},
    pages = {771--784},
    volume = {17},
    isbn = {1461-0248},
    doi = {10.1111/ele.12288},
    issn = {14610248},
    pmid = {24766299},
    keywords = {Community assembly, Ecosystem management, Environmental filtering, Functional diversity, Functional traits, Limiting similarity, Mass ratio, Novel ecosystems, Reference conditions, Trait hierarchies}
}

@article{Lawton1999,
    title = {{Are There General Laws in Ecology?}},
    year = {1999},
    journal = {Oikos},
    author = {Lawton, John H},
    number = {2},
    pages = {177--192},
    volume = {84}
}

@misc{U.S.NorthAmericanBirdConservationIntiativeCommittee2018,
    title = {{Bird Conservation Regions Map}},
    year = {2018},
    booktitle = {North American Bird Conservation Initiative},
    author = {{U.S. North American Bird Conservation Intiative Committee}},
    url = {http://nabci-us.org/resources/bird-conservation-regions-map/}
}

@article{Pittermann2012,
    title = {{Cenozoic climate change shaped the evolutionary ecophysiology of the Cupressaceae conifers}},
    year = {2012},
    author = {Pittermann, Jarmila and Stuart, Stephanie A and Dawson, Todd E and Moreau, Astrid},
    number = {24},
    pages = {9647--9652},
    volume = {109},
    doi = {10.1073/pnas.1114378109}
}

@article{Nippert2015,
    title = {{Challenging the maximum rooting depth paradigm in grasslands and savannas}},
    year = {2015},
    journal = {Functional Ecology},
    author = {Nippert, Jesse B. and Holdo, Ricardo M.},
    number = {6},
    pages = {739--745},
    volume = {29},
    isbn = {1365-2435},
    doi = {10.1111/1365-2435.12390},
    issn = {13652435},
    keywords = {Drought, Hydraulic conductivity, Plasticity, Root distribution, Root function, Root length, Soil depth}
}

@article{Fay2008,
    title = {{Changes in grassland ecosystem function due to extreme rainfall events: Implications for responses to climate change}},
    year = {2008},
    journal = {Global Change Biology},
    author = {Fay, Philip A. and Kaufman, Dawn M. and Nippert, Jesse B. and Carlisle, Jonathan D. and Harper, Christopher W.},
    number = {7},
    pages = {1600--1608},
    volume = {14},
    isbn = {1354-1013},
    doi = {10.1111/j.1365-2486.2008.01605.x},
    issn = {13541013},
    pmid = {1425},
    keywords = {Carbon cycle, Climate change, Mesocosm, Photosynthesis, Productivity, Rainout shelter, Soil moisture, Soil respiration, Tallgrass prairie}
}

@article{Hansen-bauer,
    title = {{Chapter 11 : Regional Climate Projections}},
    author = {Hansen-bauer, Ingre and Jones, Colin and Katz, Robert and Kitoh, Akio and Knutti, Reto and Leung, Ruby and Rummukainen, Markku and Sch{\"{a}}r, Christoph and Somot, Samuel and Suppiah, Ramasamy and Tadross, Mark},
    pages = {1--142}
}

@article{Turner1981,
    title = {{Chapter 3: Techniques and experimental approaches for the measurement of plant water status}},
    year = {1981},
    journal = {Plant and Soil},
    author = {Turner, Neil (Csiro)},
    pages = {339--366},
    volume = {58},
    url = {http://www.ncbi.nlm.nih.gov/pubmed/21978817},
    isbn = {0032-079X},
    doi = {10.1159/000331745},
    issn = {1660-2110},
    pmid = {21894041}
}

@article{Hill1920,
    title = {{Charting Quadrats with a Pantograph}},
    year = {1920},
    journal = {Ecology},
    author = {Hill, Robert R},
    number = {4},
    pages = {270--273},
    volume = {1},
    url = {https://www.jstor.org/stable/1929561}
}

@article{Heegaard2009,
    title = {{Climate change affects the outcome of competitive interactions - an application of principal response curves}},
    year = {2009},
    journal = {Oecologia},
    author = {Heegaard, Einar and Vandvik, Vigdis},
    number = {3},
    pages = {459--466},
    volume = {139},
    url = {http://link.springer.com/article/10.1007/s00442-004-1690-4},
    isbn = {4412232212},
    doi = {10.1007/s00442-004-},
    issn = {00298549},
    pmid = {15021981},
    keywords = {Alpine vegetation, Climate change, Competition, Principal response curves, Spatial autocorrelation}
}

@article{Klanderud2005,
    title = {{Climate change effects on species interactions in an alpine plant community}},
    year = {2005},
    journal = {Journal of Ecology},
    author = {Klanderud, Kari},
    number = {1},
    pages = {127--137},
    volume = {93},
    isbn = {00220477 (ISSN)},
    doi = {10.1111/J.1365-2745.2004.00944.X},
    issn = {00220477},
    keywords = {Biotic and abiotic factors, Competition, Dominant species, Dryas octopetala, Facilitation, Nutrient availability, Plant functional types, Population dynamics, Removal experiment, Warming}
}

@book{Finch2012,
    title = {{Climate Change in Grasslands, Shrublands, and Deserts of the Interior American West: A Review and Needs Assessment}},
    year = {2012},
    booktitle = {USDA Forest Service - General Technical Report RMRS-GTR},
    author = {Finch, Deborah M. and Max Smith, D. and LeDee, Olivia and Cartron, Jean Luc E. and Rumble, Mark A.},
    editor = {Finch, Deborah M.},
    number = {Gen. Tech. Rep. RMRS-GTR-285},
    pages = {139},
    publisher = {U.S. Department of Agriculture, Forest Service, Rocky Mountain Research Station},
    address = {Fort Collins, CO},
    issn = {02775786},
    keywords = {Assessment, Climate change, Deserts, Grasslands, Shrublands}
}

@article{Theobald2017,
    title = {{Climate drives phenological reassembly of a mountain wildflower meadow community.}},
    year = {2017},
    journal = {Ecology},
    author = {Theobald, Elli J and Breckheimer, Ian and HilleRisLambers, Janneke},
    number = {0},
    pages = {1--14},
    volume = {0},
    url = {http://doi.wiley.com/10.1002/ecy.1996%0Ahttp://www.ncbi.nlm.nih.gov/pubmed/29023677},
    doi = {10.1002/ecy.1996},
    issn = {0012-9658},
    pmid = {29023677},
    keywords = {climate change, community shifts, disassembly, elevation gradient, global change, mutualisms, phenological synchrony}
}

@article{Dalgleish2011,
    title = {{Climate influences the demography of three dominant sagebrush steppe plants}},
    year = {2011},
    journal = {Ecology},
    author = {Dalgleish, Harmony J. and Koons, David N. and Hooten, Mevin B. and Moffet, Corey A. and Adler, Peter B.},
    number = {1},
    pages = {75--85},
    volume = {92},
    isbn = {0012-9658},
    doi = {10.1890/10-0780.1},
    issn = {00129658},
    pmid = {21560678},
    keywords = {Artemisia tripartite, Climate change, Demography, Hesperostipa comata, Idaho, Integral projection models, Population dynamics, Pseudoroegneria spicata, Sagebrush steppe, U.S. Sheep Experiment Station, USA}
}

@article{Zhang2018,
    title = {{Climate variability decreases species richness and community stability in a temperate grassland}},
    year = {2018},
    journal = {Oecologia},
    author = {Zhang, Yunhai and Loreau, Michel and He, Nianpeng and Wang, Junbang and Pan, Qingmin and Bai, Yongfei and Han, Xingguo},
    number = {1},
    pages = {183--192},
    volume = {188},
    publisher = {Springer Berlin Heidelberg},
    url = {https://doi.org/10.1007/s00442-018-4208-1},
    isbn = {0044201842},
    doi = {10.1007/s00442-018-4208-1},
    issn = {00298549},
    keywords = {Biodiversity, Climate extremes, Ecosystem function, Inter-annual variability, Resilience}
}

@article{Kazakou2006,
    title = {{Co-variations in litter decomposition, leaf traits and plant growth in species from a Mediterranean old-field succession}},
    year = {2006},
    journal = {Functional Ecology},
    author = {Kazakou, E. and Vile, D. and Shipley, B. and Gallet, C. and Garnier, E.},
    number = {1},
    pages = {21--30},
    volume = {20},
    isbn = {1365-2435},
    doi = {10.1111/j.1365-2435.2006.01080.x},
    issn = {02698463},
    keywords = {Leaf traits, Litter decomposability, Relative growth rate, Secondary succession}
}

@book{Morin2011,
    title = {{Community Ecology}},
    year = {2011},
    author = {Morin, Peter J},
    edition = {2nd},
    publisher = {Wiley-Blackwell},
    isbn = {9781444338218}
}

@article{Jackson2015,
    title = {{Community ecology in a changing environment: Perspectives from the Quaternary}},
    year = {2015},
    journal = {Proceedings of the National Academy of Sciences},
    author = {Jackson, Stephen T. and Blois, Jessica L.},
    number = {16},
    pages = {4915--4921},
    volume = {112},
    url = {http://www.pnas.org/lookup/doi/10.1073/pnas.1403664111},
    isbn = {0027-8424},
    doi = {10.1073/pnas.1403664111},
    issn = {0027-8424},
    pmid = {25901314}
}

@article{Simberloff2004,
    title = {{Community Ecology: Is It Time to Move On?}},
    year = {2004},
    journal = {The American Naturalist},
    author = {Simberloff, Daniel},
    number = {6},
    pages = {787--799},
    volume = {163},
    url = {http://www.journals.uchicago.edu/doi/10.1086/420777},
    isbn = {0003-0147},
    doi = {10.1086/420777},
    issn = {0003-0147},
    pmid = {222268200003},
    keywords = {community ecology, general, general laws, introduced species, kelp, longleaf pine, of general laws, red-cockaded woodpecker, science and the importance, the first issue of, whether community ecology has}
}

@article{Craine2012,
    title = {{Community traitscape of foliar nitrogen isotopes reveals N availability patterns in a tallgrass prairie}},
    year = {2012},
    journal = {Plant and Soil},
    author = {Craine, Joseph M. and Towne, E. Gene and Ocheltree, Troy W. and Nippert, Jesse B.},
    number = {1-2},
    pages = {395--403},
    volume = {356},
    isbn = {0032-079X},
    doi = {10.1007/s11104-012-1141-7},
    issn = {0032079X},
    keywords = {Community assembly, Disturbance, Grasslands, Isotopes, Konza Prairie, Resource limitation}
}

@article{Callister2006,
    title = {{Comparison of four methods for measuring osmotic potential of tree leaves}},
    year = {2006},
    journal = {Physiologia Plantarum},
    author = {Callister, Andrew N. and Arndt, Stefan K. and Adams, Mark A.},
    number = {3},
    pages = {383--392},
    volume = {127},
    isbn = {0031-9317},
    doi = {10.1111/j.1399-3054.2006.00652.x},
    issn = {00319317},
    pmid = {239429800006}
}

@article{Adler2018,
    title = {{Competition and coexistence in plant communities: intraspecific competition is stronger than interspecific competition}},
    year = {2018},
    journal = {Ecology Letters},
    author = {Adler, Peter B. and Smull, Danielle and Beard, Karen H. and Choi, Ryan T. and Furniss, Tucker and Kulmatiski, Andrew and Meiners, Joan M. and Tredennick, Andrew T. and Veblen, Kari E.},
    number = {9},
    pages = {1319--1329},
    volume = {21},
    doi = {10.1111/ele.13098},
    issn = {14610248},
    keywords = {Biodiversity, Lotka–Volterra, competition coefficient, forests, grasslands, meta-analysis}
}

@article{Buchanan1980,
    title = {{Competition of Sicklepod (Cassia obtusifolia) and Redroot Pigweed (Amaranthus retroflexus) with Cotton (Gossypium hirsutum)}},
    year = {1980},
    journal = {Weed Science},
    author = {Buchanan, G. A. and Crowley, R. H. and Street, J. E. and McGuire, J. A.},
    number = {3},
    pages = {258--262},
    volume = {28}
}

@article{Vellend2010,
    title = {{Conceptual Synthesis in Community Ecology}},
    year = {2010},
    journal = {The Quarterly Review of Biology},
    author = {Vellend, Mark},
    number = {2},
    pages = {183--206},
    volume = {85},
    isbn = {0033-5770},
    doi = {10.1086/652373},
    issn = {0033-5770},
    pmid = {20565040},
    arxivId = {arXiv:1011.1669v3},
    keywords = {community ecology, dispersal, drift, population genetics, selection, speciation}
}

@article{Hutchinson1957,
    title = {{Concluding remarks}},
    year = {1957},
    journal = {Population Studies: Animal Ecology and Demography. Cold Spring Harbor Symposia on Quantitative Biology},
    author = {Hutchinson, G. Evelyn},
    month = {2},
    pages = {415--427},
    volume = {22},
    url = {http://link.springer.com/10.1007/s00726-011-1022-z}
}

@article{Purves2009,
    title = {{Conlmunity : in a Grassland Spatial Structure View the Plant ' S-Eye Quantifying}},
    year = {2009},
    author = {Purves, D W and Law, R},
    number = {1977},
    pages = {121--129},
    volume = {90},
    isbn = {6092583828}
}

@article{Knapp2008,
    title = {{Consequences of More Extreme Precipitation Regimes for Terrestrial Ecosystems}},
    year = {2008},
    journal = {BioScience},
    author = {Knapp, Alan K. and Beier, Claus and Briske, David D. and Classen, Aimée T. and Luo, Yiqi and Reichstein, Markus and Smith, Melinda D. and Smith, Stanley D. and Bell, Jesse E. and Fay, Philip A. and Heisler, Jana L. and Leavitt, Steven W. and Sherry, Rebecca and Smith, Benjamin and Weng, Ensheng},
    number = {9},
    pages = {811--821},
    volume = {58},
    url = {http://academic.oup.com/bioscience/article/58/9/811/250853/Consequences-of-More-Extreme-Precipitation-Regimes},
    isbn = {0006-3568},
    doi = {10.1641/B580908},
    issn = {1525-3244},
    pmid = {216477058},
    keywords = {climate change, drought, ecosystems, precipitation, soil water}
}

@article{Kimball2010,
    title = {{Contemporary climate change in the Sonoran Desert favors cold-adapted species}},
    year = {2010},
    journal = {Global Change Biology},
    author = {Kimball, Sarah and Angert, Amy L. and Huxman, Travis E. and Venable, D. Lawrence},
    number = {5},
    pages = {1555--1565},
    volume = {16},
    isbn = {1365-2486},
    doi = {10.1111/j.1365-2486.2009.02106.x},
    issn = {13541013},
    keywords = {Annual plant, Climate change, Ecophysiology, Germination, Long-term demographic data, Phenology}
}

@article{Heisler-White2009,
    title = {{Contingent productivity responses to more extreme rainfall regimes across a grassland biome}},
    year = {2009},
    journal = {Global Change Biology},
    author = {Heisler-White, Jana L. and Blair, John M. and Kelly, Eugene F. and Harmoney, Keith and Knapp, Alan K.},
    number = {12},
    pages = {2894--2904},
    volume = {15},
    isbn = {1354-1013},
    doi = {10.1111/j.1365-2486.2009.01961.x},
    issn = {13541013},
    keywords = {Climate change, Environmental gradients, Extreme events, Grassland, Plant productivity, Precipitation variability}
}

@article{Byrne2017,
    title = {{Contrasting effects of precipitation manipulations in two Great Plains plant communities}},
    year = {2017},
    journal = {Journal of Vegetation Science},
    author = {Byrne, Kerry M. and Adler, Peter B. and Lauenroth, William K.},
    number = {2},
    pages = {238--249},
    volume = {28},
    doi = {10.1111/jvs.12486},
    issn = {16541103},
    keywords = {Bouteloua gracilis, Drought, Mixed grass prairie, Plant functional groups, Plant species composition, Schizachyrium scoparium, Shortgrass steppe, Species diversity}
}

@article{Dormann2012,
    title = {{Correlation and process in species distribution models: bridging a dichotomy}},
    year = {2012},
    journal = {Journal of Biogeography},
    author = {Dormann, Carsten F and Schymanski, Stanislaus J and Cabral, Juliano and Chuine, Isabelle and Graham, Catherine and Hartig, Florian and Kearney, Michael and Morin, Xavier and R{\"{o}}mermann, Christine and Schr{\"{o}}der, Boris and Singer, Alexander},
    number = {12},
    month = {12},
    pages = {2119--2131},
    volume = {39},
    url = {http://doi.wiley.com/10.1111/j.1365-2699.2011.02659.x},
    doi = {10.1111/j.1365-2699.2011.02659.x},
    issn = {03050270}
}

@article{Anderson2012,
    title = {{Cover and density of semi-desert grassland plants in permanent quadrats mapped from 1915 to 1947}},
    year = {2012},
    journal = {Ecology},
    author = {Anderson, Jed and McClaran, Mitchel P and Adler, Peter B},
    number = {6},
    pages = {1492},
    volume = {93},
    doi = {10.1126/science.127.3295.414-b},
    issn = {0036-8075}
}

@article{Chu2013,
    title = {{Cover, density, and demographics of shortgrass steppe plants mapped 1997-2010 in permanent grazed and ungrazed quadrats.}},
    year = {2013},
    journal = {Ecology},
    author = {Chu, Chengjin and Norman, John and Flynn, Robert and Kaplan, NIcole and Lauenroth, William K and Adler, Peter B},
    number = {1435},
    volume = {94},
    doi = {10.6084/m9.figshare.3556779.v1}
}

@article{Wirsing2014,
    title = {{Cross-fertilizing aquatic and terrestrial research to understand predator risk effects}},
    year = {2014},
    journal = {WIREs Water},
    author = {Wirsing, Aaron J and Heithaus, Michael R and Frid, Alejandro},
    number = {October},
    volume = {1},
    doi = {10.1002/wat2.1039}
}

@book{RSpecialInterestGrouponDatabasesR-SIG-DB2018,
    title = {{DBI: R Database Interface}},
    year = {2018},
    author = {{R Special Interest Group on Databases (R-SIG-DB)}},
    publisher = {R package version 1.0.0}
}

@article{Stromberg2005,
    title = {{Decoupled taxonomic radiation and ecological expansion of open-habitat grasses in the Cenozoic of North America}},
    year = {2005},
    journal = {PNAS},
    author = {Str{\"{o}}mberg, Caroline A E},
    number = {34},
    pages = {11980--11984},
    volume = {102}
}

@article{Kirkpatrick1984,
    title = {{Demographic Models Based on Size , Not Age , For Organisms with Indeterminate Growth}},
    year = {1984},
    journal = {1Ecology},
    author = {Kirkpatrick, Mark},
    number = {6},
    pages = {1874--1884},
    volume = {65},
    keywords = {clonal growth, demography, growth models, increase, indeterminate growth, intrinsic rate of, life histories, population dynamics, size-dependent demography, stable size distribution, veg-}
}

@article{Fair1999,
    title = {{Demography of Bouteloua gracilis in a mixed prairie: Analysis of genets and individuals}},
    year = {1999},
    journal = {Journal of Ecology},
    author = {Fair, Julie and Lauenroth, W. K. and Coffin, D. P.},
    number = {2},
    pages = {233--243},
    volume = {87},
    doi = {10.1046/j.1365-2745.1999.00344.x},
    issn = {00220477},
    keywords = {Clonal fragmentation, Grassland, Mortality, Plants, Recruitment}
}

@article{Lauenroth2008,
    title = {{Demography of perennial grassland plants: Survival, life expectancy and life span}},
    year = {2008},
    journal = {Journal of Ecology},
    author = {Lauenroth, William K. and Adler, Peter B.},
    number = {5},
    pages = {1023--1032},
    volume = {96},
    isbn = {0022-0477},
    doi = {10.1111/j.1365-2745.2008.01415.x},
    issn = {00220477},
    keywords = {Age-based demographic parameters, Forb, Grass, Great Plains, Herbaceous perennial, Type II survivorship, Type III survivorship}
}

@article{Freckleton2011,
    title = {{Density‐Structured Models for Plant Population Dynamics}},
    year = {2011},
    journal = {The American Naturalist},
    author = {Freckleton, Robert P. and Sutherland, William J. and Watkinson, Andrew R. and Queenborough, Simon A.},
    number = {1},
    pages = {1--17},
    volume = {177},
    url = {http://www.journals.uchicago.edu/doi/10.1086/657621},
    doi = {10.1086/657621},
    issn = {0003-0147},
    pmid = {21126176},
    keywords = {measurement er-, population dynamics, structured model}
}

@article{Gee2014,
    title = {{Dietary options for the sauropod dinosaurs from an integrated botanical and paleobotanical perspective}},
    year = {2014},
    author = {Gee, Carole T},
    number = {January 2011}
}

@article{Nelson2017,
    title = {{Digging into the roots of belowground carbon cycling following seven years of Prairie Heating and CO2Enrichment (PHACE), Wyoming USA}},
    year = {2017},
    journal = {Soil Biology and Biochemistry},
    author = {Nelson, Laura and Blumenthal, Dana M. and Williams, David G. and Pendall, Elise},
    pages = {169--177},
    volume = {115},
    publisher = {Elsevier Ltd},
    url = {https://doi.org/10.1016/j.soilbio.2017.08.022},
    doi = {10.1016/j.soilbio.2017.08.022},
    issn = {00380717},
    keywords = {Carbon cycling, Elevated CO2, Fine-roots, Priming, Warming}
}

@article{Adler2009,
    title = {{Direct and indirect effects of climate change on a prairie plant community}},
    year = {2009},
    journal = {PLoS ONE},
    author = {Adler, Peter B. and Leiker, James and Levine, Jonathan M.},
    number = {9},
    pages = {1--6},
    volume = {4},
    isbn = {1932-6203},
    doi = {10.1371/journal.pone.0006887},
    issn = {19326203},
    pmid = {19727390}
}

@article{Chu2016,
    title = {{Direct effects dominate responses to climate perturbations in grassland plant communities}},
    year = {2016},
    journal = {Nature Communications},
    author = {Chu, Chengjin and Kleinhesselink, Andrew R. and Havstad, Kris M. and McClaran, Mitchel P. and Peters, Debra P. and Vermeire, Lance T. and Wei, Haiyan and Adler, Peter B.},
    pages = {1--10},
    volume = {7},
    publisher = {Nature Publishing Group},
    url = {},
    isbn = {2041-1723 (Electronic){\textbackslash}r2041-1723 (Linking)},
    doi = {10.1038/ncomms11766},
    issn = {20411723},
    pmid = {27273085}
}

@article{Dennis1996,
    title = {{Discussion: Should Ecologists Become Bayesians?}},
    year = {1996},
    journal = {Ecological Applications},
    author = {Dennis, Brian},
    number = {4},
    pages = {1095--1103},
    volume = {6},
    url = {http://www.jstor.org/stable/2269594 http://about.jstor.org/terms},
    keywords = {Bayesian inference, ecological statistics, frequentist statistics, likelihood principle, science philosophy, scientific method, statistical ecology, subjective probability}
}

@article{Fausch1994,
    title = {{Distribution of two congeneric charrs in streams of Hokkaido Island, Japan: considering multiple factors across scales}},
    year = {1994},
    journal = {Oecologia},
    author = {Fausch, Kurt D and Nakano, Shigeru and Ishigaki, Kenkichi},
    pages = {1--12},
    volume = {100}
}

@article{Fei2017,
    title = {{Divergence of species responses to climate change}},
    year = {2017},
    journal = {Science Advances},
    author = {Fei, Songlin and Desprez, Johanna M. and Potter, Kevin M. and Jo, Insu and Knott, Jonathan A. and Oswalt, Christopher M.},
    number = {5},
    volume = {3},
    doi = {10.1126/sciadv.1603055},
    issn = {23752548}
}

@article{Cleland2006,
    title = {{Diverse responses of phenology to global changes in a grassland ecosystem}},
    year = {2006},
    journal = {Proceedings of the National Academy of Sciences},
    author = {Cleland, E. E. and Chiariello, N. R. and Loarie, S. R. and Mooney, H. A. and Field, C. B.},
    number = {37},
    pages = {13740--13744},
    volume = {103},
    url = {http://www.pnas.org/cgi/doi/10.1073/pnas.0600815103},
    isbn = {0027-8424},
    doi = {10.1073/pnas.0600815103},
    issn = {0027-8424},
    pmid = {16954189}
}

@article{Levine2010,
    title = {{Do competitors modulate rare plant response to precipitation change ?}},
    year = {2010},
    journal = {Ecology},
    author = {Levine, Jonathan M and Mceachern, A Kathryn and Cowan, Clark},
    number = {1},
    pages = {130--140},
    volume = {91},
    keywords = {annual plant population, bromus diandrus, california channel islands, climate change, competition, gilia tenuiflora ssp, hoffmannii, insularis, insularis var, lasthenia californica, malacothrix indecora, phacelia, precipitation}
}

@article{Tredennick2017,
    title = {{Do we need demographic data to forecast plant population dynamics?}},
    year = {2017},
    journal = {Methods in Ecology and Evolution},
    author = {Tredennick, Andrew T. and Hooten, Mevin B. and Adler, Peter B.},
    number = {5},
    pages = {541--551},
    volume = {8},
    doi = {10.1111/2041-210X.12686},
    issn = {2041210X},
    keywords = {climate change, forecasting, grassland, integral projection model, population model, ridge regression, statistical regularization}
}

@article{Fox2017,
    title = {{Drought and the Evolution of Flowering Time in Desert Annuals Author ( s ): Gordon A . Fox Source : American Journal of Botany , Vol . 77 , No . 11 ( Nov ., 1990 ), pp . 1508-1518 Published by : Botanical Society of America , Inc . Stable URL : http://www}},
    year = {2017},
    author = {Fox, Gordon A},
    number = {11},
    pages = {1508--1518},
    volume = {77}
}

@article{Vazquez2017,
    title = {{Ecological and evolutionary impacts of changing climatic variability}},
    year = {2017},
    journal = {Biological Reviews},
    author = {V{\'{a}}zquez, Diego P. and Gianoli, Ernesto and Morris, William F. and Bozinovic, Francisco},
    number = {1},
    pages = {22--42},
    volume = {92},
    isbn = {1469-185X},
    doi = {10.1111/brv.12216},
    issn = {1469185X},
    pmid = {26290132},
    keywords = {climate change, community structure, demography, fitness, geographic range limits, phenological mismatches, phenotypic plasticity, physiological traits, population dynamics, species interactions}
}

@article{Albertson1937,
    title = {{Ecology of Mixed Prairie in West Central Kansas}},
    year = {1937},
    journal = {Ecological Monographs},
    author = {Albertson, F W},
    number = {4},
    pages = {481--547},
    volume = {7}
}

@article{Thomey2011,
    title = {{Effect of precipitation variability on net primary production and soil respiration in a Chihuahuan Desert grassland}},
    year = {2011},
    journal = {Global Change Biology},
    author = {Thomey, Michell L. and Collins, Scott L. and Vargas, Rodrigo and Johnson, Jennifer E. and Brown, Renee F. and Natvig, Donald O. and Friggens, Michael T.},
    number = {4},
    pages = {1505--1515},
    volume = {17},
    isbn = {1354-1013},
    doi = {10.1111/j.1365-2486.2010.02363.x},
    issn = {13541013},
    keywords = {Carbon cycle, Desert grasslands, Leaf gas exchange, Precipitation variability, Primary production, Soil respiration}
}

@article{Tang2016,
    title = {{Emerging opportunities and challenges in phenology: A review}},
    year = {2016},
    journal = {Ecosphere},
    author = {Tang, Jianwu and K{\"{o}}rner, Christian and Muraoka, Hiroyuki and Piao, Shilong and Shen, Miaogen and Thackeray, Stephen J. and Yang, Xi},
    number = {8},
    pages = {1--17},
    volume = {7},
    isbn = {2150-8925},
    doi = {10.1002/ecs2.1436},
    issn = {21508925},
    keywords = {Cameras, Greenness, ILTER, International LTER, Modeling, Phenology, Scale, Special feature}
}


@article{Anderson2006,
    title = {{Evolution and origin of the Central Grassland of North America : climate, fire, and mammalian grazers}},
    year = {2006},
    journal = {Journal of the Torrey Botanical Society},
    author = {Anderson, Roger C},
    number = {4},
    pages = {626--647},
    volume = {133},
    keywords = {bison, c4 grasses, central grassland, fire, grasslands, keystone species, mammalian grazers}
}

@article{Eriksson2016,
    title = {{Evolution of angiosperm seed disperser mutualisms : the timing of origins and their consequences for coevolutionary interactions between angiosperms and frugivores}},
    year = {2016},
    journal = {Biological Reviews},
    author = {Eriksson, Ove},
    pages = {168--186},
    volume = {91},
    doi = {10.1111/brv.12164},
    keywords = {bats, birds, coevolution, fleshy fruits, megafauna, multituberculates, primates, rodents}
}

@article{Kuss2008,
    title = {{Evolutionary demography of long-lived monocarpic perennials: a time-lagged integral projection model}},
    year = {2008},
    journal = {Journal of Ecology},
    author = {Kuss, Patrick and Rees, Mark and AEgisd{\'{o}}ttir, Hafdís Hanna and Ellner, Stephen P. and St{\"{o}}cklin, Jürg},
    number = {4},
    month = {7},
    pages = {821--832},
    volume = {96},
    url = {http://doi.wiley.com/10.1111/j.1365-2745.2008.01374.x},
    doi = {10.1111/j.1365-2745.2008.01374.x},
    issn = {00220477}
}

@article{Metcalf2003,
    title = {{Evolutionary demography of monocarpic perennials}},
    year = {2003},
    journal = {Trends in Ecology and Evolution},
    author = {Metcalf, Jessica C. and Rose, Karen E. and Rees, Mark},
    number = {9},
    pages = {471--480},
    volume = {18},
    isbn = {0169-5347},
    doi = {10.1016/S0169-5347(03)00162-9},
    issn = {01695347}
}

@article{Ma2018,
    title = {{Evolutionary history resolves global organization of root functional traits}},
    year = {2018},
    journal = {Nature},
    author = {Ma, Zeqing and Guo, Dali and Xu, Xingliang and Lu, Mingzhen and Bardgett, Richard D. and Eissenstat, David M. and McCormack, M. Luke and Hedin, Lars O.},
    number = {7694},
    pages = {94--97},
    volume = {555},
    publisher = {Nature Publishing Group},
    url = {http://dx.doi.org/10.1038/nature25783},
    isbn = {1476-4687},
    doi = {10.1038/nature25783},
    issn = {14764687},
    pmid = {29466331}
}

@article{Shinneman2016,
    title = {{Exploring Climate Niches of Ponderosa Pine (Pinus ponderosa Douglas ex Lawson) Haplotypes in the Western United States: Implications for Evolutionary History and Conservation}},
    year = {2016},
    journal = {PloS one},
    author = {Shinneman, Douglas J. and Means, Robert E. and Potter, Kevin M. and Hipkins, Valerie D.},
    number = {3},
    pages = {e0151811},
    volume = {11},
    isbn = {1133011004},
    doi = {10.1371/journal.pone.0151811},
    issn = {19326203}
}

@article{Griffin-Nolan2019,
    title = {{Extending the osmometer method for assessing drought tolerance in herbaceous species}},
    year = {2019},
    journal = {Oecologia},
    author = {Griffin-Nolan, Robert J. and Ocheltree, Troy W. and Mueller, Kevin E. and Blumenthal, Dana M. and Kray, Julie A. and Knapp, Alan K.},
    number = {0123456789},
    publisher = {Springer Berlin Heidelberg},
    url = {},
    isbn = {0123456789},
    doi = {10.1007/s00442-019-04336-w},
    issn = {0029-8549},
    keywords = {Climate change, Drought, Grasslands, Osmotic potential, Plant traits}
}

@article{Laughlin2015,
    title = {{Fitness of multidimensional phenotypes in dynamic adaptive landscapes}},
    year = {2015},
    journal = {Trends in Ecology and Evolution},
    author = {Laughlin, Daniel C. and Messier, Julie},
    number = {8},
    pages = {487--496},
    volume = {30},
    publisher = {Elsevier Ltd},
    url = {http://dx.doi.org/10.1016/j.tree.2015.06.003},
    isbn = {doi:10.1016/j.tree.2015.06.003},
    doi = {10.1016/j.tree.2015.06.003},
    issn = {01695347},
    pmid = {26122484},
    keywords = {Adaptive landscapes, Community ecology, Fitness components, Global change, Intraspecific trait covariation, Multivariate trait distributions, Phenotypic integration, Species distribution model}
}

@article{Bates2015,
    title = {{Fitting Linear Mixed-Effects Models Using lme4}},
    year = {2015},
    journal = {Journal of Statistical Software},
    author = {Bates, Douglas and M{\"{a}}chler, Martin and Bolker, Ben and Walker, Steve},
    number = {1},
    volume = {67},
    url = {},
    doi = {10.18637/jss.v067.i01},
    issn = {1548-7660}
}

@book{Ackerfield2015,
    title = {{Flora of Colorado}},
    year = {2015},
    author = {Ackerfield, Jennifer},
    publisher = {Botanical Research Inst of Texas}
}

@article{Craine2011,
    title = {{Flowering phenology as a functional trait in a tallgrass prairie}},
    year = {2011},
    author = {Craine, Joseph M and Wolkovich, Elizabeth M and Towne, E Gene and Kembel, Steven W},
    pages = {673--682},
    doi = {10.1111/j.1469-8137.2011.03953.x},
    keywords = {climate, communities, community assembly, drought, flowering, grass, how the timing of, is a critical component, konza prairie, of the ecology of, plants and has the, poten-, the timing of flowering, tial to structure plant, we know little about, yet}
}

@article{Paine1980,
    title = {{Food Webs: Linkage, Interaction Strength and Community Infrastructure}},
    year = {1980},
    journal = {Journal of Animal Biology},
    author = {Paine, R T},
    number = {3},
    pages = {666--685},
    volume = {49}
}

@article{Tredennick2016,
    title = {{Forecasting climate change impacts on plant populations over large spatial extents}},
    year = {2016},
    journal = {Ecosphere},
    author = {Tredennick, Andrew T. and Hooten, Mevin B. and Aldridge, Cameron L. and Homer, Collin G. and Kleinhesselink, Andrew R. and Adler, Peter B.},
    number = {10},
    pages = {1--16},
    volume = {7},
    doi = {10.1002/ecs2.1525},
    issn = {21508925},
    keywords = {Artemisia, Climate change, Dimension reduction, Forecasting, Population model, Remote sensing, Sagebrush, Spatiotemporal model}
}

@article{Adler2012,
    title = {{Forecasting plant community impacts of climate variability and change: When do competitive interactions matter?}},
    year = {2012},
    journal = {Journal of Ecology},
    author = {Adler, Peter B. and Dalgleish, Harmony J. and Ellner, Stephen P.},
    number = {2},
    pages = {478--487},
    volume = {100},
    doi = {10.1111/j.1365-2745.2011.01930.x},
    issn = {00220477},
    keywords = {Climate change, Community ecology, Competition, Demography, Integral projection model, Niche, Plant population and community dynamics, Sagebrush steppe}
}

@article{Allen2010,
    title = {{Forest Ecology and Management A global overview of drought and heat-induced tree mortality reveals emerging climate change risks for forests}},
    year = {2010},
    author = {Allen, Craig D and Macalady, Alison K and Chenchouni, Haroun and Bachelet, Dominique and Mcdowell, Nate and Vennetier, Michel and Kitzberger, Thomas and Rigling, Andreas and Breshears, David D and Hogg, E H Ted and Gonzalez, Patrick and Fensham, Rod and Zhang, Zhen and Castro, Jorge and Demidova, Natalia and Lim, Jong-hwan and Allard, Gillian and Running, Steven W and Semerci, Akkin and Cobb, Neil},
    pages = {660--684},
    volume = {259},
    doi = {10.1016/j.foreco.2009.09.001}
}

@article{Borst2018,
    title = {{Foundation species enhance food web complexity through non-trophic facilitation}},
    year = {2018},
    author = {Borst, Annieke C W and Verberk, Wilco C E P and Angelini, Christine and Schotanus, Jildou and Wolters, Jan-willem and Christianen, Marjolijn J A and Zee, Els M Van Der and Derksen-, Marlous and Heide, Tjisse Van Der},
    pages = {1--16},
    url = {http://dx.doi.org/10.1371/journal.pone.0199152},
    isbn = {1111111111},
    doi = {10.1371/journal.pone.0199152}
}

@article{Anderson2011,
    title = {{Fourteen years of mapped, permanent quadrats in a northern mixed prairie, USA: Ecological Archives E092-143}},
    year = {2011},
    journal = {Ecology},
    author = {Anderson, Jed and Vermeire, Lance and Adler, Peter B},
    number = {8},
    pages = {1703},
    volume = {92},
    doi = {10.1126/science.127.3295.414-b},
    issn = {0036-8075}
}

@article{Nock2016,
    title = {{Functional Traits}},
    year = {2016},
    journal = {eLS},
    author = {Nock, Charles A and Vogt, Richard J and Beisner, Beatrix E},
    number = {February},
    pages = {1--8},
    isbn = {9780470015902},
    doi = {10.1002/9780470015902.a0026282}
}

@article{Adler2014,
    title = {{Functional traits explain variation in plant lifehistory strategies}},
    year = {2014},
    journal = {Proceedings of the National Academy of Sciences of the United States of America},
    author = {Adler, Peter B. and Salguero-G{\'{o}}mez, Roberto and Compagnoni, Aldo and Hsu, Joanna S. and Ray-Mukherjee, Jayanti and Mbeau-Ache, Cyril and Franco, Miguel},
    number = {2},
    pages = {740--745},
    volume = {111},
    doi = {10.1073/pnas.1315179111},
    issn = {10916490},
    keywords = {Elasticity, Seed size, Specific leaf area, Vital rates, Wood intensity}
}

@article{Winemiller2015,
    title = {{Functional traits, convergent evolution, and periodic tables of niches}},
    year = {2015},
    journal = {Ecology Letters},
    author = {Winemiller, Kirk O. and Fitzgerald, Daniel B. and Bower, Luke M. and Pianka, Eric R.},
    number = {8},
    pages = {737--751},
    volume = {18},
    isbn = {1461-0248},
    doi = {10.1111/ele.12462},
    issn = {14610248},
    pmid = {26096695},
    keywords = {Adaptive peak, Bioassessment, Ecological classification, Ecological restoration, Life history strategy, Niche dimension, Niche scheme, Species ordination}
}

@article{Bolker2009,
    title = {{Generalized linear mixed models: a practical guide for ecology and evolution}},
    year = {2009},
    journal = {Trends in Ecology and Evolution},
    author = {Bolker, Benjamin M. and Brooks, Mollie E. and Clark, Connie J. and Geange, Shane W. and Poulsen, John R. and Stevens, M. Henry H. and White, Jada Simone S.},
    number = {3},
    pages = {127--135},
    volume = {24},
    isbn = {0169-5347},
    doi = {10.1016/j.tree.2008.10.008},
    issn = {01695347},
    pmid = {19185386},
    arxivId = {1003.3921v1}
}

@article{Grinnell1924,
    title = {{Geography and Evolution}},
    year = {1924},
    journal = {Ecology},
    author = {Grinnell, Joseph},
    number = {3},
    pages = {225--229},
    volume = {5}
}

@article{Tylianakis2008,
    title = {{Global change and species interactions in terrestrial ecosystems}},
    year = {2008},
    journal = {Ecology Letters},
    author = {Tylianakis, Jason M. and Didham, Raphael K. and Bascompte, Jordi and Wardle, David A.},
    number = {12},
    pages = {1351--1363},
    volume = {11},
    isbn = {1461-0248},
    doi = {10.1111/j.1461-0248.2008.01250.x},
    issn = {1461023X},
    pmid = {19062363},
    keywords = {CO2, Climate change, Competition, Disease, Food web, Global warming, Interaction effect, Land-use change, Mycorrhiza, Nitrogen deposition, Parasite, Pollination, Seed dispersal}
}

@article{Craine2013,
    title = {{Global diversity of drought tolerance and grassland climate-change resilience}},
    year = {2013},
    journal = {Nature Climate Change},
    author = {Craine, Joseph M. and Ocheltree, Troy W. and Nippert, Jesse B. and Towne, E. Gene and Skibbe, Adam M. and Kembel, Steven W. and Fargione, Joseph E.},
    number = {1},
    pages = {63--67},
    volume = {3},
    publisher = {Nature Publishing Group},
    url = {http://dx.doi.org/10.1038/nclimate1634},
    isbn = {1758-678X},
    doi = {10.1038/nclimate1634},
    issn = {1758678X}
}

@article{Linder2017,
    title = {{Global grass (Poaceae) success underpinned by traits facilitating colonization, persistence and habitat transformation}},
    year = {2017},
    journal = {Biological Reviews},
    author = {Linder, H. P. and Lehmann, Caroline E. R. and Archibald, Sally and Osborne, Colin P. and Richardson, David M.},
    volume = {41},
    url = {http://doi.wiley.com/10.1111/brv.12388},
    doi = {10.1111/brv.12388},
    issn = {14647931}
}

@article{Taggart2009,
    title = {{Global greenhouse to icehouse and back again : The origin and future of the Boreal Forest biome}},
    year = {2009},
    journal = {Global and Planetary Change},
    author = {Taggart, Ralph E and Cross, Aureal T},
    number = {3-4},
    pages = {115--121},
    volume = {65},
    publisher = {Elsevier B.V.},
    url = {http://dx.doi.org/10.1016/j.gloplacha.2008.10.014},
    doi = {10.1016/j.gloplacha.2008.10.014},
    issn = {0921-8181}
}

@article{Trenberth2013,
    title = {{Global warming and changes in drought}},
    year = {2013},
    journal = {Nature Climate Change},
    author = {Trenberth, Kevin E and Dai, Aiguo and van der Schrier, Gerard and Jones, Philip D and Barichivich, Jonathan and Briffa, Keith R and Sheffield, Justin},
    month = {12},
    pages = {17},
    volume = {4},
    publisher = {Nature Publishing Group, a division of Macmillan Publishers Limited. All Rights Reserved.},
    url = {http://dx.doi.org/10.1038/nclimate2067 http://10.0.4.14/nclimate2067}
}

@article{Bardgett2014,
    title = {{Going underground: Root traits as drivers of ecosystem processes}},
    year = {2014},
    journal = {Trends in Ecology and Evolution},
    author = {Bardgett, Richard D. and Mommer, Liesje and De Vries, Franciska T.},
    number = {12},
    pages = {692--699},
    volume = {29},
    publisher = {Elsevier Ltd},
    url = {http://dx.doi.org/10.1016/j.tree.2014.10.006},
    doi = {10.1016/j.tree.2014.10.006},
    issn = {01695347},
    keywords = {Carbon cycling, Global change, Nutrient cycling, Plant functional traits, Roots, Soil, Soil structure}
}

@article{Bengtsson2019,
    title = {{Grasslands—more important for ecosystem services than you might think}},
    year = {2019},
    journal = {Ecosphere},
    author = {Bengtsson, J. and Bullock, J. M. and Egoh, B. and Everson, C. and Everson, T. and O'Connor, T. and O'Farrell, P. J. and Smith, H. G. and Lindborg, R.},
    number = {2},
    volume = {10},
    doi = {10.1002/ecs2.2582},
    issn = {21508925},
    keywords = {Europe, South Africa, biodiversity, food security and agricultural production systems, grassland biome, semi-natural grasslands}
}

@article{Cornelissen2003,
    title = {{Handbook of protocols for standardised and easy measurement of plant functional traits worldwide . Aust J Bot A handbook of protocols for standardised and easy measurement of plant functional traits worldwide}},
    year = {2003},
    journal = {Australian Journal of Botany},
    author = {Cornelissen, J. H. C. and Lavorel, S. and Garnier, Eric and Diaz, S. and Buchmann, N. and Gurvich, D. E. and Reich, P B and Ter Steege, H. and Morgan, H. D. and Van Der Heijden, M G A and Pausas, J G and Pooter, H},
    number = {4},
    pages = {335--380},
    volume = {51},
    isbn = {1444-9862},
    doi = {10.1071/BT02124},
    issn = {0067-1924}
}

@article{Craine2010,
    title = {{High leaf tissue density grassland species consistently more abundant across topographic and disturbance contrasts in a North American tallgrass prairie}},
    year = {2010},
    journal = {Plant and Soil},
    author = {Craine, Joseph M. and Towne, E. Gene},
    number = {1},
    pages = {193--203},
    volume = {337},
    isbn = {0032-079X},
    doi = {10.1007/s11104-010-0515-y},
    issn = {0032079X},
    keywords = {Burning, Functional traits, Grasslands, Grazing, Konza prairie, Topography}
}

@article{Fukami2015,
    title = {{Historical Contingency in Community Assembly : Integrating Niches , Species Pools , and Priority Effects}},
    year = {2015},
    journal = {Annual Review of Ecology, Evolution, and Systematics},
    author = {Fukami, Tadashi},
    pages = {1--23},
    volume = {46},
    doi = {10.1146/annurev-ecolsys-110411-160340},
    keywords = {dispersal, diversification, eco-evolutionary dynamics, island biogeography, metacommunity, succession}
}

@article{Schurr2012,
    title = {{How to understand species’ niches and range dynamics: a demographic research agenda for biogeography}},
    year = {2012},
    journal = {Journal of Biogeography},
    author = {Schurr, Frank M. and Pagel, Jörn and Cabral, Juliano Sarmento and Groeneveld, Jürgen and Bykova, Olga and O’Hara, Robert B. and Hartig, Florian and Kissling, W. Daniel and Linder, H. Peter and Midgley, Guy F. and Schr{\"{o}}der, Boris and Singer, Alexander and Zimmermann, Niklaus E.},
    number = {12},
    month = {12},
    pages = {2146--2162},
    volume = {39},
    url = {http://doi.wiley.com/10.1111/j.1365-2699.2012.02737.x},
    doi = {10.1111/j.1365-2699.2012.02737.x},
    issn = {03050270},
    keywords = {Aged, Antigens, B-Lymphocytes/*immunology/pathology, CD/*immunology, Cells, Classical/immunology, Complement Inactivator Proteins/immunology, Complement Pathway, Cryoglobulinemia/*immunology/pathology, Cryoglobulins/*immunology, Cultured, Cytokines/*biosynthesis, Fcgamma receptors, Female, Humans, Hydrogen-Ion Concentration, IgG/*immunology, Immunoglobulin G/immunology, Immunoglobulin M/immunology, Interleukin-10/biosynthesis, Male, Middle Aged, Monocytes/immunology, Receptors, Temperature, Tumor Necrosis Factor-alpha/biosynthesis, Tumor Stem Cells/pathology, complement, cryoglobulinemia, cytokines, immune complex}
}

@article{VandePol2011,
    title = {{Identifying the Critical Climatic Time Window That Affects Trait Expression}},
    year = {2011},
    journal = {The American Naturalist},
    author = {van de Pol, Martijn and Cockburn, Andrew},
    number = {5},
    pages = {698--707},
    volume = {177},
    url = {http://www.journals.uchicago.edu/doi/10.1086/659101},
    isbn = {0003-0147},
    doi = {10.1086/659101},
    issn = {0003-0147},
    pmid = {21508615},
    keywords = {climate change, method, phenology, sliding window, time-, to-event models, weather package}
}

@article{Burgess2003,
    title = {{Impacts of Mowing, Burning, and Climate on Germination and Seedling Recruitment of Colorado Butterfly Plant (Gaura newmexicana ssp. coloradensis)}},
    year = {2003},
    journal = {UW Dept. of Renewable Resources},
    author = {Burgess, Leah M}
}

@article{Wing1993,
    title = {{Implications of an exceptional fossil flora for Late Cretaceous vegetation}},
    year = {1993},
    journal = {Nature},
    author = {Wing, Scott L and Hickey, Leo J and Swisher, Carl C},
    pages = {342--344},
    volume = {363}
}

@article{DeAngelis2014,
    title = {{Individual-based models in ecology after four decades}},
    year = {2014},
    journal = {F1000Prime Reports},
    author = {DeAngelis, Donald L. and Grimm, Volker},
    number = {June},
    volume = {6},
    url = {http://www.f1000.com/prime/reports/b/6/39},
    isbn = {2051-7599},
    doi = {10.12703/P6-39},
    issn = {20517599},
    pmid = {24991416}
}

@article{Grime1997,
    title = {{Integrated Screening Validates Primary Axes of Specialisation in Plants}},
    year = {1997},
    journal = {Oikos},
    author = {Grime, J P and Thompson, K and Hunt, R and Hodgson, J G and Cornelissen, J H C and Hendry, G A F and Ashenden, T W and Askew, A P and Band, S R and Booth, R E and Campbell, B D and Cooper, J E L and Davison, A W and Gupta, P L and Hall, W and Hand, D W and Hannah, M A and Hillier, S H and Hodkinson, D J and Jalili, A and Liu, Z and Mackey, J M L and Mowforth, M A and Neal, A M and Reader, R J and Reiling, K},
    number = {2},
    pages = {259--281},
    volume = {79}
}

@article{Wuest2017,
    title = {{Integrating correlation between traits improves spatial predictions of plant functional composition}},
    year = {2017},
    journal = {Oikos},
    author = {W{\"{u}}est, O Rafael and M{\"{u}}nkem{\"{u}}ller, Tamara and Lavergne, Sébastien and Pollock, Laura J. and Thuiller, Wilfried},
    number = {October},
    pages = {1--9},
    url = {http://doi.wiley.com/10.1111/oik.04420},
    isbn = {6503251521},
    doi = {10.1111/oik.04420},
    issn = {00301299},
    pmid = {26044706},
    arxivId = {10.1111/ecog.02097}
}

@article{Koerner2014,
    title = {{Interactive effects of grazing, drought, and fire on grassland plant communities in North America and South Africa}},
    year = {2014},
    journal = {Ecology},
    author = {Koerner, Sally E. and Collins, Scott L.},
    number = {1},
    pages = {98--109},
    volume = {95},
    doi = {10.1890/13-0526.1},
    issn = {00129658},
    pmid = {24649650},
    keywords = {Grass-forb interaction, Kansas, USA, Konza Prairie, Kruger National Park, South Africa, Mesic grassland dynamics, Rainout shelter}
}

@article{Goldstein2014,
    title = {{Intra-annual rainfall regime shifts competitive interactions between coastal sage scrub and invasive grasses}},
    year = {2014},
    journal = {Ecology},
    author = {Goldstein, Leah J. and Suding, Katharine N.},
    number = {2},
    pages = {425--435},
    volume = {95},
    isbn = {0012-9658},
    doi = {10.1890/12-0651.1},
    issn = {00129658},
    pmid = {24669735},
    keywords = {Annual grass, Climate change, Coastal sage scrub, Competition, Intra-annual rainfall distribution, Invasion, Resources, Root distribution, Soil moisture, Southern California}
}

@article{Moran2016,
    title = {{Intraspecific trait variation across scales: Implications for understanding global change responses}},
    year = {2016},
    journal = {Global Change Biology},
    author = {Moran, Emily V. and Hartig, Florian and Bell, David M.},
    number = {1},
    pages = {137--150},
    volume = {22},
    isbn = {1365-2486},
    doi = {10.1111/gcb.13000},
    issn = {13652486},
    pmid = {26061811},
    keywords = {Evolution, Genetic variation, Global change, Intraspecific variation, Population differentiation, Population dynamics, Species range, Trait}
}

@article{Hodgson2011,
    title = {{Is leaf dry matter content a better predictor of soil fertility than specific leaf area?}},
    year = {2011},
    journal = {Annals of Botany},
    author = {Hodgson, J. G. and Montserrat-Mart{\'{i}}, G. and Charles, M. and Jones, G. and Wilson, P. and Shipley, B. and Sharafi, M. and Cerabolini, B. E.L. and Cornelissen, J. H.C. and Band, S. R. and Bogard, A. and Castro-D{\'{i}}ez, P. and Guerrero-Campo, J. and Palmer, C. and P{\'{e}}rez-Rontom{\'{e}}, M. C. and Carter, G. and Hynd, A. and Romo-D{\'{i}}ez, A. and De Torres Espuny, L. and Royo Pla, F.},
    number = {7},
    pages = {1337--1345},
    volume = {108},
    doi = {10.1093/aob/mcr225},
    issn = {03057364},
    keywords = {Ellenberg numbers, functional traits, leaf density, leaf nitrogen, leaf size, leaf thickness, relative growth rate (RGR), shade tolerance, variation in trait expression}
}

@article{Firn2019,
    title = {{Leaf nutrients, not specific leaf area, are consistent indicators of elevated nutrient inputs}},
    year = {2019},
    journal = {Nature Ecology {\&} Evolution},
    author = {Firn, Jennifer and McGree, James M. and Harvey, Eric and Flores-Moreno, Habacuc and Sch{\"{u}}tz, Martin and Buckley, Yvonne M and Borer, Elizabeth T and Seabloom, Eric W and La Pierre, Kimberly J. and MacDougall, Andrew M. and Prober, Suzanne M and Stevens, Carly J and Sullivan, Lauren L and Porter, Erica and Ladouceur, Emma and Allen, Charlotte and Moromizato, Karine H and Morgan, John W and Harpole, W Stanley and Hautier, Yann and Eisenhauer, Nico and Wright, Justin P and Adler, Peter B and Arnillas, Carlos Alberto and Bakker, Jonathan D. and Biederman, Lori and Broadbent, Arthur A. D. and Brown, Cynthia S and Bugalho, Miguel N and Caldeira, Maria C and Cleland, Elsa E and Ebeling, Anne and Fay, Philip A and Hagenah, Nicole and Kleinhesselink, Andrew R and Mitchell, Rachel and Moore, Joslin L and Nogueira, Carla and Peri, Pablo Luis and Roscher, Christiane and Smith, Melinda D and Wragg, Peter D and Risch, Anita C},
    number = {3},
    month = {3},
    pages = {400--406},
    volume = {3},
    url = {http://www.nature.com/articles/s41559-018-0790-1},
    doi = {10.1038/s41559-018-0790-1},
    issn = {2397-334X}
}

@book{Cheng2019,
    title = {{leaflet: Create Interactive Web maps with the JavaScript 'Leaflet' Library}},
    year = {2019},
    author = {Cheng, Joe and Karambelkar, Bhaskar and Xie, Yihui},
    publisher = {R package version 2.0.3}
}

@article{Violle2007,
    title = {{Let the concept of trait be functional!}},
    year = {2007},
    journal = {Oikos},
    author = {Violle, Cyrille and Navas, Marie-laure and Vile, Denis and Kazakou, Elena and Fortunel, Claire and Hummel, Irène and Garnier, Eric},
    number = {5},
    month = {5},
    pages = {882--892},
    volume = {116},
    url = {http://doi.wiley.com/10.1111/j.2007.0030-1299.15559.x},
    doi = {10.1111/j.2007.0030-1299.15559.x},
    issn = {0030-1299}
}

@article{Chu2014,
    title = {{Life form influences survivorship patterns for 109 herbaceous perennials from six semi-arid ecosystems}},
    year = {2014},
    journal = {Journal of Vegetation Science},
    author = {Chu, Chengjin and Havstad, Kris M. and Kaplan, Nicole and Lauenroth, William K. and McClaran, Mitchel P. and Peters, Debra P. and Vermeire, Lance T. and Adler, Peter B.},
    number = {4},
    pages = {947--954},
    volume = {25},
    isbn = {1654-1103},
    doi = {10.1111/jvs.12106},
    issn = {16541103},
    keywords = {Age-specific mortality, Demographic parameters, Forb, Grass, Senescence, Weibull survivorship curves, Weighted Cox's proportional hazard model}
}

@article{Teller2016,
    title = {{Linking demography with drivers: Climate and competition}},
    year = {2016},
    journal = {Methods in Ecology and Evolution},
    author = {Teller, Brittany J. and Adler, Peter B. and Edwards, Collin B. and Hooker, Giles and Ellner, Stephen P.},
    number = {2},
    pages = {171--183},
    volume = {7},
    isbn = {2041-210X},
    doi = {10.1111/2041-210X.12486},
    issn = {2041210X},
    keywords = {Climate, Competition, Demography, Drivers, Estimation, Functional data analysis, Machine learning, Splines}
}

@article{Tjoelker2005,
    title = {{Linking leaf and root trait syndromes among 39 grassland and savannah species}},
    year = {2005},
    journal = {New Phytologist},
    author = {Tjoelker, M. G. and Craine, J. M. and Wedin, D. and Reich, P. B. and Tilman, D.},
    number = {2},
    pages = {493--508},
    volume = {167},
    isbn = {0028-646X},
    doi = {10.1111/j.1469-8137.2005.01428.x},
    issn = {0028646X},
    pmid = {15998401},
    keywords = {Functional groups, Leaf lifespan, Nitrogen-use efficiency, Photosynthesis, Respiration, Root turnover, Specific leaf area, Specific root length}
}

@article{Magurran2010,
    title = {{Long-term datasets in biodiversity research and monitoring: Assessing change in ecological communities through time}},
    year = {2010},
    journal = {Trends in Ecology and Evolution},
    author = {Magurran, Anne E. and Baillie, Stephen R. and Buckland, Stephen T. and Dick, Jan Mc P. and Elston, David A. and Scott, E. Marian and Smith, Rognvald I. and Somerfield, Paul J. and Watt, Allan D.},
    number = {10},
    pages = {574--582},
    volume = {25},
    doi = {10.1016/j.tree.2010.06.016},
    issn = {01695347}
}

@article{Adler2007a,
    title = {{Long-term mapped quadrats from Kansas prairie: Demographic information for herbaceous plants}},
    year = {2007},
    journal = {Ecology},
    author = {Adler, Peter B and Tyburczy, William R and Lauenroth, William K},
    number = {10},
    pages = {2673},
    volume = {88},
    url = {http://dx.doi.org/10.1890%2F0012-9658%282007%2988%5B2673%3ALMQFKP%5D2.0.CO%3B2},
    isbn = {0012-9658},
    doi = {10.1890/0012-9658(2007)88[2673:LMQFKP]2.0.CO;2},
    issn = {0012-9658}
}

@article{Dimichele2004,
    title = {{Long-term stasis in ecological assemblages: Evidence from the fossil record}},
    year = {2004},
    author = {Dimichele, W A and Behrensmeyer, A K and Olszewski, T D and Labandeira, C C and Pandolfi, J M and Wing, S L and Bobe, R},
    pages = {285--322},
    volume = {35},
    doi = {10.1146/annurev.ecolsys.35.120202.110110},
    keywords = {abstract studies of plant, and animal assemblages from, assembly rules, both the terrestrial and, ecological, ecosystem stability, environmental tracking, paleoecology, periods of geological time, persistence, reveal persistence for extensive, the marine fossil records}
}

@article{Davis1998,
    title = {{Making mistakes when predicting shifts in species range in response to global warming}},
    year = {1998},
    journal = {Nature},
    author = {Davis, Andrew J and Jenkinson, Linda S and Lawton, John H and Shorrocks, Bryan and Wood, Simon},
    pages = {783--786},
    volume = {391},
    isbn = {8090100120},
    doi = {10.1038/25492}
}

@phdthesis{Dowling2015,
    title = {{Mapped Permanent Quadrats: A Window Through Time into Herbaceous Plant Demography}},
    year = {2015},
    author = {Dowling, Helen E},
    school = {Northern Arizona University}
}

@article{Zachmann2010,
    title = {{Mapped quadrats in sagebrush steppe: long-term data for analyzing demographic rates and plant–plant interactions}},
    year = {2010},
    journal = {Ecology},
    author = {Zachmann, Luke and Moffet, Corey and Adler, Peter},
    number = {11},
    pages = {3427--3427},
    volume = {91},
    doi = {10.1890/10-0404.1},
    issn = {0012-9658}
}

@article{Ball2005,
    title = {{Measurement of root and leaf osmotic potential using the vapor-pressure osmometer}},
    year = {2005},
    journal = {Environmental and Experimental Botany},
    author = {Ball, R. A. and Oosterhuis, D. M.},
    number = {1},
    pages = {77--84},
    volume = {53},
    isbn = {0098-8472},
    doi = {10.1016/j.envexpbot.2004.03.003},
    issn = {00988472},
    keywords = {EW, Osmotic potential, Thermocouple psychrometer, VPO, Vapor-pressure osmometer, Water potential, Water relations, end-window psychrometer, osmotic potential, vapor-pressure osmometer, water potential, {$\psi$}l, {$\psi$}{$\pi$}}
}

@article{Society2017,
    title = {{Measuring Social-Ecological Dynamics behind the Generation of Ecosystem Services Author ( s ): E . Andersson , S . Barthel and K . Ahrn{\'{e}} Published by : Wiley on behalf of the Ecological Society of America Stable URL : http://www.jstor.org/stable/40062032 }},
    year = {2017},
    author = {Society, Ecological and Applications, Ecological},
    number = {5},
    pages = {1267--1278},
    volume = {17},
    keywords = {ecosystem services, functional groups, institutions, local ecological knowledge, manage-, ment, sense of place, urban ecology}
}

@misc{Palmer1965,
    title = {{Meteorological Drought}},
    year = {1965},
    booktitle = {U.S. Weather Bureau, Res. Pap. No. 45},
    author = {Palmer, Wayne C.},
    pages = {58},
    url = {https://www.ncdc.noaa.gov/temp-and-precip/drought/docs/palmer.pdf},
    isbn = {45}
}

@article{Metcalf2016,
    title = {{Microbial community assembly and metabolic function during mammalian corpse decomposition}},
    year = {2016},
    journal = {Science},
    author = {Metcalf, Jessica L and Xu, Zhenjiang Zech and Weiss, Sophie and Lax, Simon and Van Treuren, Will and Hyde, Embriette R and Song, Se Jin and Amir, Amnon and Larsen, Peter and Sangwan, Naseer and Haarmann, Daniel and Humphrey, Greg C and Ackerman, Gail and Thompson, Luke R and Lauber, CHristian and Bibat, Alexander and Nicholas, Catherine and Gebert, Matthew and Petrosino, Joseph and Reed, Sasha and Gilbert, Jack and Lynne, Aaron and Bucheli, Sibyl and Carter, David and Knight, Rob},
    number = {6269},
    pages = {158--163},
    volume = {351}
}

@article{Filazzola2017,
    title = {{Modelling the niche space of desert annuals needs to include positive interactions}},
    year = {2017},
    journal = {Oikos},
    author = {Filazzola, Alessandro and Sotomayor, Diego A and Lortie, Christopher J},
    pages = {264--273},
    volume = {127},
    doi = {10.1111/oik.04688}
}

@article{Valiente-Banuet2006,
    title = {{Modern Quaternary plant lineages promote diversity through facilitation of ancient Tertiary lineages}},
    year = {2006},
    journal = {PNAS},
    author = {Valiente-Banuet, Alfonso and Rumebe, Adolfo Vital and Verdu, Miguel and Callaway, Ragan M},
    number = {45},
    pages = {16812--16817},
    volume = {103}
}

@article{Hayes2000,
    title = {{Monitoring drought using the standardized precipitation index}},
    year = {2000},
    journal = {Drought: a global assessment volume 1},
    author = {Hayes, Michael and Svoboda, Mark and Whilhite, Donald A. and Wilhite, Donald A.},
    pages = {168--180},
    isbn = {1040359019},
    doi = {http://dx.doi.org/10.1108/17506200710779521},
    issn = {07424671},
    pmid = {7754995}
}

@article{Snyder2006,
    title = {{Multi-scale temporal variation in water availability: Implications for vegetation dynamics in arid and semi-arid ecosystems}},
    year = {2006},
    journal = {Journal of Arid Environments},
    author = {Snyder, K. A. and Tartowski, S. L.},
    number = {2},
    pages = {219--234},
    volume = {65},
    isbn = {0140-1963},
    doi = {10.1016/j.jaridenv.2005.06.023},
    issn = {01401963},
    pmid = {776},
    keywords = {Climate change, Experimental rainfall manipulation, Rainfall pulses, Seasonal precipitation, Walter's two-layer model, Woody plant encroachment}
}

@article{Dibner2019,
    title = {{Multiple mechanisms confer stability to isolated populations of a rare endemic plant}},
    year = {2019},
    journal = {Ecological Monographs},
    author = {Dibner, Reilly R. and Peterson, Megan L. and Louthan, Allison M. and Doak, Daniel F.},
    number = {2},
    pages = {1--16},
    volume = {89},
    doi = {10.1002/ecm.1360},
    issn = {15577015},
    keywords = {asynchrony, conservation biology, demographic buffering, density dependence, population viability, portfolio effect, rare species, source–sink dynamics}
}

@techreport{NASA2014,
    title = {{NASA Strategic Plan 2014}},
    year = {2014},
    author = {{NASA}},
    pages = {1--68},
    url = {https://smd-prod.s3.amazonaws.com/science-red/s3fs-public/atoms/files/FY2014_NASA_StrategicPlan_508c.pdf},
    institution = {National Aeronautics and Space Administration}
}

@article{Janzen1981,
    title = {{Neotropical Anachronisms: The Fruits the Gomphotheres Ate}},
    year = {1981},
    journal = {Science},
    author = {Janzen, Daniel H and Martin, Paul S},
    volume = {215}
}

@article{Perez-Harguindeguy2013,
    title = {{New Handbook for standardized measurement of plant functional traits worldwide}},
    year = {2013},
    journal = {Australian Journal of Botany},
    author = {P{\'{e}}rez-Harguindeguy, N. and Diaz, S. and Garnier, E. and Lavorel, S. and Poorter, H. and Jaureguiberry, P. and Bret-Harte, M.S. S. and Cornwell, W.K. K. and Craine, J.M. M. and Gurvich, D.E. E. and Urcelay, C. and Veneklaas, E.J. J. and Reich, P.B. B. and Poorter, L. and Wright, I.J. J. and {Etc.} and Ray, P. and {Etc.} and D{\'{i}}az, S. and Lavorel, S. and Poorter, H. and Jaureguiberry, P. and Bret-Harte, M.S. S. and Cornwell, W.K. K. and Craine, J.M. M. and Gurvich, D.E. E. and Urcelay, C. and Veneklaas, E.J. J. and Reich, P.B. B. and Poorter, L. and Wright, I.J. J. and Ray, P. and Enrico, L. and Pausas, J. G. and Vos, A. C. de and Buchmann, N. and Funes, G. and Qu{\'{e}}tier, F. and Hodgson, J. G. and Thompson, K. and Morgan, H. D. and Steege, H. ter and Heijden, M. G. A. van der and Sack, L. and Blonder, B. and Poschlod, P. and Vaieretti, M. V. and Conti, G. and Staver, A. C. and Aquino, S. and Cornelissen, J. H. C.},
    number = {34},
    pages = {167--234},
    volume = {61},
    isbn = {12864560 (ISSN)},
    doi = {http://dx.doi.org/10.1071/BT12225},
    issn = {0829-318X},
    pmid = {12511303},
    keywords = {allocation, allometry, assimilate, assimilats, conductivity, conduit, conduit tapering, conifers, douglas-fir, drought tolerance, frequency, hydraulic conduc-, leaf-to-sapwood ratio, model, mod{\`{e}}le, partitioning, phloem sieve cells, picea abies, ponderosa pine, puits, sapwood water, sink, source, tivity, xylem trac-, —}
}

@article{Grimm2017,
    title = {{Next-Generation Individual-Based Models Integrate Biodiversity and Ecosystems: Yes We Can, and Yes We Must}},
    year = {2017},
    journal = {Ecosystems},
    author = {Grimm, Volker and Ayll{\'{o}}n, Daniel and Railsback, Steven F.},
    number = {2},
    pages = {229--236},
    volume = {20},
    doi = {10.1007/s10021-016-0071-2},
    issn = {14350629},
    keywords = {biodiversity research, emergence, first principles, individual-based ecology, individual-based modeling, pattern-oriented modeling, predictions, structural realism, theory development}
}

@article{Anderegg2013,
    title = {{Not all droughts are created equal: Translating meteorological drought into woody plant mortality}},
    year = {2013},
    journal = {Tree Physiology},
    author = {Anderegg, Leander D.L. and Anderegg, William R.L. and Berry, Joseph A.},
    number = {7},
    pages = {701--712},
    volume = {33},
    isbn = {0829-318X},
    doi = {10.1093/treephys/tpt044},
    issn = {0829318X},
    pmid = {23880634},
    keywords = {climate change, drought seasonality, ecohydrology, tree death}
}

@incollection{Hartmann2013,
    title = {{Observations: Atmosphere and surface}},
    year = {2013},
    booktitle = {Climate Change 2013: the Physical Science Basis: Working Group \uppercase{I} Contribution to the Fifth Assessment Report of the \upercase{IPCC}},
    author = {Hartmann, Dennis L. and Klein Tank, Albert M.G. and Rusticucci, Matilde and Alexander, Lisa V. and Br{\"{o}}nnimann, Stefan and Charabi, Yassine Abdul Rahman and Dentener, Frank J. and Dlugokencky, Edward J. and Easterling, David R. and Kaplan, Alexey and Soden, Brian J. and Thorne, Peter W. and Wild, Martin and Zhai, Panmao},
    editor = {Stocker, T F and Qin, D and Plattner, G K and Tignor, M and Allen, S K and Boschung, J and Nauels, A and Xia, Y and Bex, V and Midgley, P M},
    pages = {159--254},
    publisher = {Cambridge University Press},
    % address = {Cambridge, United Kingdom and New York, NY, USA},
    isbn = {9781107415324},
    issn = {0148-0227},
    pmid = {87},
    arxivId = {arXiv:1011.1669v3}
}

@book{Hester2020,
    title = {{odbc: Connect to ODBC Compatible Databases (using the DBI Interface)}},
    year = {2020},
    author = {Hester, Jim and Wickham, Hadley},
    publisher = {R package version 1.2.2}
}

@article{Werner1988,
    title = {{Ontogenetic Habitat Shifts in Bluegill: The Foraging Rate-Predation Risk Trade-off}},
    year = {1988},
    journal = {Ecology},
    author = {Werner, Earl E and Hall, Donald J},
    number = {5},
    pages = {1352--1366},
    volume = {69},
    keywords = {foraging rate, growth rate, habitat shifts, lepomis, michigan, micropterus, predation, risk, trade-off}
}

@article{Iglesias2018,
    title = {{Past vegetation dynamics in the Yellowstone region highlight the vulnerability of mountain systems to climate change}},
    year = {2018},
    journal = {Journal of Biogeography},
    author = {Iglesias, Virginia and Whitlock, Cathy and Krause, Teresa R and Baker, Richard G},
    pages = {1768--1780},
    volume = {45},
    doi = {10.1111/jbi.13364},
    keywords = {climate change, conifers, pollen, postglacial, stability, vegetation calibration, yellowstone}
}

@article{Society2009,
    title = {{Pattern and Process in the Plant Community Author ( s ): Alex S . Watt Published by : British Ecological Society Stable URL : http://www.jstor.org/stable/2256497}},
    year = {2009},
    author = {Society, British Ecological},
    number = {1},
    pages = {1--22},
    volume = {35}
}

@article{Angert2010,
    title = {{Phenotypic plasticity and precipitation response in sonoran desert winter annuals}},
    year = {2010},
    journal = {American Journal of Botany},
    author = {Angert, Amy L. and Horst, Jonathan L. and Huxman, Travis E. and Lawrence Venable, D.},
    number = {3},
    pages = {405--411},
    volume = {97},
    isbn = {0002-9122},
    doi = {10.3732/ajb.0900242},
    issn = {00029122},
    pmid = {21622404},
    keywords = {Asteraceae, Biomass allocation, Boraginaceae, Functional trait, Pectocarya recurvata, Pulse response, Species coexistence, Specific leaf area, Stylocline micropoides}
}

@book{Clements1907,
    title = {{Plant Physiology and Ecology}},
    year = {1907},
    author = {Clements, Frederic Edward},
    publisher = {Henry Holt and Company},
    url = {https://books.google.com/books?hl=en&lr=&id=es0UAAAAYAAJ&oi=fnd&pg=PA1&dq=Clements+1907%3B+&ots=A2D-0nu1Af&sig=llZFgFuaHeNlCp3HVk6_KlQEmo8#v=onepage&q=quadrat&f=false},
    address = {New York, New York}
}

@article{Wing2013,
    title = {{Plant response to a global greenhouse event 56 million years ago}},
    year = {2013},
    journal = {American Journal of Botany},
    author = {Wing, Scott L and Currano, Ellen D},
    number = {7},
    pages = {1234--1254},
    volume = {100},
    doi = {10.3732/ajb.1200554}
}

@book{Grime1979,
    title = {{Plant Strategies {\&} Vegetation Processes}},
    year = {1979},
    author = {Grime, J Philip},
    publisher = {John Wiley {\&} Sons, Ltd.},
    %address = {New York}
}

@article{Craine2007,
    title = {{Plant strategy theories: Replies to Grime and Tilman: Forum}},
    year = {2007},
    journal = {Journal of Ecology},
    author = {Craine, Joseph M.},
    number = {2},
    pages = {235--240},
    volume = {95},
    isbn = {1365-2745},
    doi = {10.1111/j.1365-2745.2007.01212.x},
    issn = {00220477},
    pmid = {3677},
    keywords = {Community assembly, Competition, Light, Nutrients, Plant strategies}
}

@incollection{Hotton2010,
    title = {{Plants in Mesozoic Time}},
    year = {2010},
    author = {Hotton, Carol and Baghai-riding, Nina},
    editor = {Gee, Carole T},
    chapter = {Palynologi},
    publisher = {Indiana University Press},
    address = {Bloomington, Indiana}
}

@article{Farrior2018,
    title = {{Plants maximize competition while minimizing competitors belowground : a theoretical analysis of incentives for root competition in space}},
    year = {2018},
    author = {Farrior, Caroline E},
    keywords = {adaptive dynamics, fine roots, plant competition, resource limitation, tragedy of}
}

@article{Werner1977,
    title = {{Population Growth Rates and Age Versus Stage-Distribution Models for Teasel ( Dipsacus Sylvestris Huds .)}},
    year = {1977},
    journal = {Ecology},
    author = {Werner, Patricia A and Caswell, Hal},
    number = {5},
    pages = {1103--1111},
    volume = {58},
    keywords = {age-distribution, biennial, colonization, dipsacus, fugitive species, mathematical, michigan, models, morphological stages, old-fields, plant populations, popula-, population dvnlalics, population projection matri, tion growth rates, v}
}

@article{Bertness1994,
    title = {{Positive interactions in communities}},
    year = {1994},
    journal = {TREE},
    author = {Bertness, Mark D and Callaway, Ragan},
    number = {5},
    pages = {191--193},
    volume = {9}
}

@article{Shafer2001,
    title = {{Potential Changes in the Distributions of Western North America Tree and Shrub Taxa under Future Climate Scenarios}},
    year = {2001},
    journal = {Ecosystems},
    author = {Shafer, Sarah L and Bartlein, Patrick J and Thompson, Robert S},
    pages = {200--215},
    volume = {4},
    doi = {10.1007/s10021},
    keywords = {face models, future climate change, response sur-, trees, western north america}
}

@article{Garnier2002,
    title = {{Predicting changes in community composition and ecosystem functioning from plant traits: revisiting the Holy Grail}},
    year = {2002},
    author = {Garnier, E and Lavorel, S},
    number = {5},
    pages = {545--556},
    volume = {16}
}

@article{Mouquet2015,
    title = {{Predictive ecology in a changing world}},
    year = {2015},
    journal = {Journal of Applied Ecology},
    author = {Mouquet, Nicolas and Lagadeuc, Yvan and Devictor, Vincent and Doyen, Luc and Duputi{\'{e}}, Anne and Eveillard, Damien and Faure, Denis and Garnier, Eric and Gimenez, Olivier and Huneman, Philippe and Jabot, Franck and Jarne, Philippe and Joly, Dominique and Julliard, Romain and K{\'{e}}fi, Sonia and Kergoat, Gael J. and Lavorel, Sandra and Le Gall, Line and Meslin, Laurence and Morand, Serge and Morin, Xavier and Morlon, Hélène and Pinay, Gilles and Pradel, Roger and Schurr, Frank M. and Thuiller, Wilfried and Loreau, Michel},
    number = {5},
    pages = {1293--1310},
    volume = {52},
    isbn = {1365-2664},
    doi = {10.1111/1365-2664.12482},
    issn = {13652664},
    keywords = {Anticipation, Big data, Biodiversity, Ecological prediction, Ecosystems, Ethics, Forecast, Global change, Modelling, Theory}
}

@article{Wolkovich2014,
    title = {{Progress towards an interdisciplinary science of plant phenology: Building predictions across space, time and species diversity}},
    year = {2014},
    journal = {New Phytologist},
    author = {Wolkovich, Elizabeth M. and Cook, Benjamin I. and Davies, T. Jonathan},
    number = {4},
    pages = {1156--1162},
    volume = {201},
    isbn = {1469-8137},
    doi = {10.1111/nph.12599},
    issn = {0028646X},
    pmid = {24649487},
    keywords = {Climate change, Cues, Investment, Local adaptation, Phenology, Plant ecology, Plasticity, Risk}
}

@article{Elderd2016,
    title = {{Quantifying demographic uncertainty: Bayesian methods for integral projection models}},
    year = {2016},
    journal = {Ecological Monographs},
    author = {Elderd, Bret D. and Miller, Tom E.X.},
    number = {1},
    pages = {125--144},
    volume = {86},
    doi = {10.1890/15-1526.1},
    issn = {15577015},
    keywords = {Demography, Hierarchical Bayes, IPMs, Markov Chain Monte Carlo, Model selection, Parameter estimation, Population dynamics, Process error, Stochasticity, Uncertainty}
}

@article{Shriver2016,
    title = {{Quantifying how short-term environmental variation leads to long-term demographic responses to climate change}},
    year = {2016},
    journal = {Journal of Ecology},
    author = {Shriver, Robert K.},
    number = {1},
    pages = {65--78},
    volume = {104},
    isbn = {1365-2745},
    doi = {10.1111/1365-2745.12490},
    issn = {13652745},
    keywords = {Annual plants, Chihuahuan Desert, Climate change, Demography, Intra-annual variability, Missing data, Plant-climate interactions}
}

@book{RCoreTeam2019,
    title = {{R: A language and environment for statistical computing}},
    year = {2019},
    booktitle = {R Foundation for Statistical Computing},
    author = {{R Core Team}},
    url = {https://www.r\_project.org}
}

@article{Williams2008,
    title = {{Rapid and widespread vegetation responses to past climate change in the North Atlantic region}},
    year = {2008},
    author = {Williams, John W and Barbara, Santa},
    number = {11},
    pages = {1--4},
    url = {papers2://publication/uuid/F34CBDB1-2D33-40F9-A82E-90E36CE019A1},
    keywords = {climate, pollen, quaternary, vegetation, younger dryas}
}

@article{Bartlett2012,
    title = {{Rapid determination of comparative drought tolerance traits: Using an osmometer to predict turgor loss point}},
    year = {2012},
    journal = {Methods in Ecology and Evolution},
    author = {Bartlett, Megan K. and Scoffoni, Christine and Ardy, Rico and Zhang, Ya and Sun, Shanwen and Cao, Kunfang and Sack, Lawren},
    number = {5},
    pages = {880--888},
    volume = {3},
    isbn = {2041-210X},
    doi = {10.1111/j.2041-210X.2012.00230.x},
    issn = {2041210X},
    keywords = {Climate change, Functional traits, Leaf traits, Survival, Water deficit, Water relations}
}

@article{Mcgill2006,
    title = {{Rebuilding community ecology from functional traits}},
    year = {2006},
    journal = {Trends in Ecology and Evolution},
    author = {McGill, Brian J. and Enquist, Brian J. and Weiher, Evan and Westoby, Mark},
    number = {4},
    pages = {178--185},
    volume = {21},
    isbn = {0169-5347},
    doi = {10.1016/j.tree.2006.02.002},
    issn = {01695347},
    pmid = {16701083},
    arxivId = {arXiv:1011.1669v3}
}

@article{McCormack2015,
    title = {{Redefining fine roots improves understanding of below-ground contributions to terrestrial biosphere processes}},
    year = {2015},
    journal = {New Phytologist},
    author = {McCormack, M. Luke and Dickie, Ian A. and Eissenstat, David M. and Fahey, Timothy J. and Fernandez, Christopher W. and Guo, Dali and Helmisaari, Heljä Sisko and Hobbie, Erik A. and Iversen, Colleen M. and Jackson, Robert B. and Lepp{\"{a}}lammi-Kujansuu, Jaana and Norby, Richard J. and Phillips, Richard P. and Pregitzer, Kurt S. and Pritchard, Seth G. and Rewald, Boris and Zadworny, Marcin},
    number = {3},
    pages = {505--518},
    volume = {207},
    isbn = {1469-8137},
    doi = {10.1111/nph.13363},
    issn = {14698137},
    pmid = {25756288},
    keywords = {Below ground, Ecosystem, Ecosystem modeling, Fine-root order, Mycorrhizal fungi, Net primary productivity (NPP), Plant allocation, Plant traits}
}

@article{DeJonge2018,
    title = {{Relating plant height to demographic rates and extinction vulnerability}},
    year = {2018},
    journal = {Biological Conservation},
    author = {de Jonge, Melinda M.J. and Hilbers, Jelle P. and Jongejans, Eelke and Ozinga, Wim A. and Hendriks, A. Jan and Huijbregts, Mark A.J.},
    month = {4},
    pages = {104--111},
    volume = {220},
    url = {https://linkinghub.elsevier.com/retrieve/pii/S0006320717306225},
    doi = {10.1016/j.biocon.2018.02.008},
    issn = {00063207}
}

@article{HilleRisLambers2012,
    title = {{Rethinking Community Assembly through the Lens of Coexistence Theory}},
    year = {2012},
    journal = {Annual Review of Ecology, Evolution, and Systematics},
    author = {HilleRisLambers, J. and Adler, P.B. and Harpole, W.S. and Levine, J.M. and Mayfield, M.M.},
    number = {1},
    pages = {227--248},
    volume = {43},
    doi = {10.1146/annurev-ecolsys-110411-160411},
    issn = {1543-592X},
    keywords = {biotic filters, clustering, environmental filters, overdispersion, relative fitness differences, stabilizing niche differences}
}

@article{Hill2018,
    title = {{Rethinking “ Native ” in the Anthropocene}},
    year = {2018},
    journal = {Frontiers in Earth Science},
    author = {Hill, Avery P and Hadly, Elizabeth A and Hill, Avery P},
    number = {July},
    pages = {10--13},
    volume = {6},
    doi = {10.3389/feart.2018.00096},
    keywords = {Anthropocene, alien species, anthropocene, biogeography, biological invasion, conservation biology, native}
}

@article{Marasco2018,
    title = {{Rhizosheath microbial community assembly of sympatric desert speargrasses is independent of the plant host}},
    year = {2018},
    journal = {Microbiome},
    author = {Marasco, Ramona and Mosqueira, María J and Fusi, Marco and Ramond, Jean-baptiste and Merlino, Giuseppe and Booth, Jenny M and Maggs-k{\"{o}}lling, Gillian and Cowan, Don A and Daffonchio, Daniele},
    number = {215},
    pages = {1--18},
    volume = {6},
    publisher = {Microbiome},
    keywords = {Desert environment, Holobiont, Microbiome, Plant-microbe interactions, Rhizosheath-root system, Speargrasses, Stochastic assembly}
}

@article{Kramer-Walter2016,
    title = {{Root traits are multidimensional: specific root length is independent from root tissue density and the plant economic spectrum}},
    year = {2016},
    journal = {Journal of Ecology},
    author = {Kramer-Walter, Kris R. and Bellingham, Peter J. and Millar, Timothy R. and Smissen, Rob D. and Richardson, Sarah J. and Laughlin, Daniel C.},
    number = {5},
    pages = {1299--1310},
    volume = {104},
    doi = {10.1111/1365-2745.12562},
    issn = {13652745},
    keywords = {determinants of plant community diversity and stru, leaf economic spectrum, plant economic spectrum, root branching, root diameter, root economic spectrum, root tissue density, soil fertility, specific root length, wood economic spectrum}
}

@article{Comas2013,
    title = {{Root traits contributing to plant productivity under drought}},
    year = {2013},
    journal = {Frontiers in Plant Science},
    author = {Comas, Louise H. and Becker, Steven R. and Cruz, Von Mark V. and Byrne, Patrick F. and Dierig, David A.},
    number = {NOV},
    pages = {1--16},
    volume = {4},
    doi = {10.3389/fpls.2013.00442},
    issn = {1664462X},
    keywords = {Drought tolerance, Hydraulic conductance, Hydraulic conductivity, MAS, QTL, Root architecture, Root morphology}
}

@techreport{NASA2014a,
    title = {{Science Plan 2014}},
    year = {2014},
    author = {{NASA}},
    pages = {1--122}
}

@techreport{NASA2007,
    title = {{Science Plan for NASA's Science Mission Directorate 2007-2016}},
    year = {2007},
    author = {{NASA}},
    pages = {1--173},
    institution = {National Aeronautics and Space Administration}
}

@article{Rees2006,
    title = {{Seed dormancy and delayed flowering in monocarpic plants: selective interactions in a stochastic environment.}},
    year = {2006},
    journal = {The American Naturalist},
    author = {Rees, Mark and Childs, Dylan Z. and Metcalf, C. Jessica E. and Rose, Karen E. and Sheppard, Andy W and Grubb, Peter J},
    number = {2},
    pages = {E53-E71},
    volume = {168},
    isbn = {0003-0147},
    doi = {10.1086/505762},
    issn = {0003-0147},
    pmid = {16874623},
    keywords = {abstract, carduus nu-, carlina vulgaris, equilibrium dynamics, ess, evolutionarily stable strategy, integral projection model, multiple, non-, nonlinear averaging, of temporal variation in, tans, we explore the effects}
}

@article{Pebesma2018,
    title = {{Simple Features for R: Standardized Support for Spatial Vector Data}},
    year = {2018},
    journal = {The R Journal},
    author = {Pebesma, Edzer},
    number = {1},
    pages = {439--446},
    volume = {10},
    url = {https://journal.r-project.org/archive/2018/RJ-2018-009/index.html},
    doi = {10.32614/RJ-2018-009},
    issn = {2073-4859}
}

@article{Tredennick2018,
    title = {{Size-by-environment interactions: a neglected dimension of species' responses to environmental variation}},
    year = {2018},
    journal = {Ecology Letters},
    author = {Tredennick, Andrew T. and Teller, Brittany J and Adler, Peter B. and Hooker, Giles and Ellner, Stephen P.},
    pages = {1757--1770},
    doi = {10.1111/ele.13154},
    issn = {14610248},
    pmid = {22682809},
    keywords = {demographic buffering, demography, environmental variability, individual heterogeneity, individual size, integral projection model, population model}
}

@article{Easterling2000,
    title = {{Size-Specific Sensitivity: Applying a New Structured Population Model}},
    year = {2000},
    journal = {Ecology},
    author = {Easterling, Michael R. and Ellner, Stephen P. and Dixon, Philip M.},
    number = {3},
    pages = {694--708},
    volume = {81},
    isbn = {0012-9658},
    doi = {10.1890/0012-9658(2000)081[0694:SSSAAN]2.0.CO;2},
    issn = {0012-9658},
    pmid = {22149683}
}

@article{Chandler2014,
    title = {{Spatially explicit integrated population models}},
    year = {2014},
    journal = {Methods in Ecology and Evolution},
    author = {Chandler, Richard B. and Clark, Joseph D.},
    number = {12},
    pages = {1351--1360},
    volume = {5},
    doi = {10.1111/2041-210X.12153},
    issn = {2041210X},
    keywords = {Count data, Detection data, Integrated population models, Louisiana black bear, Population dynamics, Spatial capture-recapture, Spatial scaling}
}

@article{Lutscher2004,
    title = {{Spatially-explicit matrix models}},
    year = {2004},
    journal = {Journal of Mathematical Biology},
    author = {Lutscher, Frithjof and Lewis, Mark A.},
    number = {3},
    pages = {293--324},
    volume = {48},
    doi = {10.1007/s00285-003-0234-6},
    issn = {0303-6812}
}

@book{Beueria2017,
    title = {{SPEI: Calculation of the Standardised Precipitation-Evapotranspiration Index}},
    year = {2017},
    author = {Beuer{\'{i}}a, Santiago and Vicente-Serrano, Sergio M},
    publisher = {R Package version 1.7},
    url = {https://cran.r-project.org/package=SPEI}
}

@article{Laughlin2018,
    title = {{Survival rates indicate that correlations between community-weighted mean traits and environments can be unreliable estimates of the adaptive value of traits}},
    year = {2018},
    journal = {Ecology Letters},
    author = {Laughlin, Daniel C. and Strahan, Robert T. and Adler, Peter B. and Moore, Margaret M.},
    doi = {10.1111/ele.12914},
    issn = {1461023X},
    number = {3},
    pages = {411--421},
    volume = {21},
    keywords = {2018, community assembly, demography, ecology letters, environmental filtering, flowering phenology, functional traits, n ratio, plant, soil c, species interactions, specific leaf area, specific root length}
}

@article{Brook2006,
    title = {{The ability of climate envelope models to predict the effect of climate change on species distributions}},
    year = {2006},
    author = {Brook, Stony},
    pages = {2272--2281},
    doi = {10.1111/j.1365-2486.2006.01256.x},
    keywords = {2006, and accepted 30 may, bioclim, climate change, domain, envelope models, gam, maxent, received 8 february 2006, species distributions}
}

@book{McClaran1997,
    title = {{The Desert Grassland}},
    year = {1997},
    editor = {McClaran, Mithcel P and Van Devender, Thomas R},
    publisher = {University of Arizona Press},
    address = {Tucson, AZ},
    isbn = {978-0816518234}
}

@article{Bartlett2012a,
    title = {{The determinants of leaf turgor loss point and prediction of drought tolerance of species and biomes: A global meta-analysis}},
    year = {2012},
    journal = {Ecology Letters},
    author = {Bartlett, Megan K. and Scoffoni, Christine and Sack, Lawren},
    number = {5},
    pages = {393--405},
    volume = {15},
    isbn = {1461-0248},
    doi = {10.1111/j.1461-0248.2012.01751.x},
    issn = {1461023X},
    pmid = {22435987},
    keywords = {Biogeography, Biomes, Climate, Plant hydraulics, Plant traits}
}

@article{Petchey2015,
    title = {{The ecological forecast horizon, and examples of its uses and determinants}},
    year = {2015},
    journal = {Ecology Letters},
    author = {Petchey, Owen L. and Pontarp, Mikael and Massie, Thomas M. and K{\'{e}}fi, Sonia and Ozgul, Arpat and Weilenmann, Maja and Palamara, Gian Marco and Altermatt, Florian and Matthews, Blake and Levine, Jonathan M. and Childs, Dylan Z. and Mcgill, Brian J. and Schaepman, Michael E. and Schmid, Bernhard and Spaak, Piet and Beckerman, Andrew P. and Pennekamp, Frank and Pearse, Ian S.},
    number = {7},
    pages = {597--611},
    volume = {18},
    isbn = {1461-0248},
    doi = {10.1111/ele.12443},
    issn = {14610248},
    pmid = {25960188},
    keywords = {Dynamics, Ecosystems, Environmental change, Forecasting, Futures, Prediction, Scenarios}
}

@article{Cowles,
    title = {{The Ecological Relations of the Vegetation on the Sand Dunes of Lake Michigan}},
    year = {1899},
    journal = {The Botanical Gazette},
    author = {Cowles, Henry Chandler},
    pages = {95--117},
    volume = {27}
}

@article{Gleason1939,
    title = {{The Individualistic Concept of the Plant Association}},
    year = {1939},
    journal = {American Midland Naturalist},
    author = {Gleason, H. A.},
    number = {1},
    volume = {21},
    url = {http://www.jstor.org/stable/2479933?origin=crossref},
    isbn = {00030031},
    doi = {10.2307/2479933},
    issn = {00409618},
    pmid = {743},
    arxivId = {arXiv:1011.1669v3}
}

@article{Adler2014a,
    title = {{The Influence of Climate and Species Composition on the Population Dynamics of Ten Prairie Forbs}},
    year = {2014},
    journal = {Ecology},
    author = {Adler, Peter B and HilleRisLambers, Janneke},
    number = {11},
    pages = {3049--3060},
    volume = {89},
    keywords = {abiotic, biotic vs, climate change, density dependence, kansas, mixed-grass prairie, population dynamics, recruitment, survival, usa}
}

@article{Grinnell1917,
    title = {{The Niche-Relationships of the California Thrasher}},
    year = {1917},
    journal = {The Auk},
    author = {Grinnell, Joseph},
    number = {4},
    pages = {427--433},
    volume = {34}
}

@article{Janis2002,
    title = {{The origins and evolution of the North American grassland biome : the story from the hoofed mammals}},
    year = {2002},
    journal = {Paleoecology},
    author = {Janis, Christine M and Damuth, John and Theodor, Jessica M},
    pages = {183--198},
    volume = {177},
    keywords = {atmospheric carbon dioxide, grasslands, herbivores, mammals, miocene}
}

@article{McInerney2011,
    title = {{The Paleocene-Eocene Thermal Maximum : A Perturbation of Carbon Cycle , Climate , and Biosphere with Implications for the Future}},
    year = {2011},
    journal = {Annual Review of Earth and Planetary Science},
    author = {McInerney, Francesca A and Wing, Scott L},
    pages = {489--516},
    volume = {39},
    doi = {10.1146/annurev-earth-040610-133431},
    keywords = {carbon cycle, global warming, paleoclimate, paleoecology, petm}
}

@article{Adler2003,
    title = {{The power of time: Spatiotemporal scaling of species diversity}},
    year = {2003},
    journal = {Ecology Letters},
    author = {Adler, Peter B. and Lauenroth, William K.},
    number = {8},
    pages = {749--756},
    volume = {6},
    doi = {10.1046/j.1461-0248.2003.00497.x},
    issn = {1461023X},
    keywords = {Biodiversity, Community turnover, Species richness, Species-area relationship, Species-time relationship}
}

@article{Hiers2016,
    title = {{The Precision Problem in Conservation and Restoration}},
    year = {2016},
    journal = {Trends in Ecology and Evolution},
    author = {Hiers, J. Kevin and Jackson, Stephen T. and Hobbs, Richard J. and Bernhardt, Emily S. and Valentine, Leonie E.},
    number = {11},
    pages = {820--830},
    volume = {31},
    publisher = {Elsevier Ltd},
    url = {http://dx.doi.org/10.1016/j.tree.2016.08.001},
    doi = {10.1016/j.tree.2016.08.001},
    issn = {01695347}
}

@article{Craine2012a,
    title = {{The roles of shifting and filtering in generating community-level flowering phenology}},
    year = {2012},
    journal = {Ecography},
    author = {Craine, Joseph M. and Wolkovich, Elizabeth M. and Towne, E. Gene},
    number = {11},
    pages = {1033--1038},
    volume = {35},
    isbn = {0906-7590},
    doi = {10.1111/j.1600-0587.2012.07625.x},
    issn = {09067590}
}

@article{Lefkovitch1965,
    title = {{The Study of Population Growth in Organisms Grouped by Stages}},
    year = {1965},
    journal = {International Biometric Society},
    author = {Lefkovitch, L P},
    number = {1},
    pages = {1--18},
    volume = {21}
}

@article{Bond1989,
    title = {{The tortoise and the hare : ecology of angiosperm dominance and gymnosperm persistence}},
    year = {1989},
    journal = {Biological Journal of the Linnean Society},
    author = {Bond, W J},
    pages = {227--249},
    volume = {36}
}

@article{Reich2014,
    title = {{The world-wide 'fast-slow' plant economics spectrum: A traits manifesto}},
    year = {2014},
    journal = {Journal of Ecology},
    author = {Reich, Peter B.},
    number = {2},
    pages = {275--301},
    volume = {102},
    doi = {10.1111/1365-2745.12211},
    issn = {00220477},
    keywords = {Carbon, Ecophysiology, Leaf, Light, Nutrient, Phylogeny, Root, Stem, Strategy, Water}
}


@article{Wright2004,
    title = {{The Worldwide leaf economics spectrum}},
    year = {2004},
    journal = {Nature},
    author = {Wright, Ian J and Reich, Peter B. and Flexas, Jaume and Garnier, Eric and Groom, Philip K and Gulias, Javier and Hikosaka, K and Lamont, B B and Lee, T and Lee, W and {Others}},
    pages = {821--827},
    volume = {428},
    doi = {10.1038/nature02403}
}

@article{Pianka2017,
    title = {{Toward a Periodic Table of Niches, or Exploring the Lizard Niche Hypervolume}},
    year = {2017},
    journal = {The American Naturalist},
    author = {Pianka, Eric R. and Vitt, Laurie J. and Pelegrin, Nicolás and Fitzgerald, Daniel B. and Winemiller, Kirk O.},
    number = {5},
    pages = {601--616},
    volume = {190},
    isbn = {0000000302},
    doi = {10.1086/693781},
    issn = {0003-0147},
    pmid = {29053363}
}

@article{DeBello2010,
    title = {{Towards an assessment of multiple ecosystem processes and services via functional traits}},
    year = {2010},
    journal = {Biodiversity and Conservation},
    author = {de Bello, Francesco and Lavorel, Sandra and D{\'{i}}az, Sandra and Harrington, Richard and Cornelissen, Johannes H.C. and Bardgett, Richard D. and Berg, Matty P. and Cipriotti, Pablo and Feld, Christian K. and Hering, Daniel and da Silva, Pedro Martins and Potts, Simon G. and Sandin, Leonard and Sousa, Jose Paulo and Storkey, Jonathan and Wardle, David A. and Harrison, Paula A.},
    number = {10},
    pages = {2873--2893},
    volume = {19},
    doi = {10.1007/s10531-010-9850-9},
    issn = {09603115},
    keywords = {Ecosystem functioning, Functional diversity, Indicators, Multitrophic communities, Plant, animal and microbial biodiversity}
}

@article{Hallett2018,
    title = {{Tradeoffs in demographic mechanisms underlie differences in species abundance and stability}},
    year = {2018},
    journal = {Nature Communications},
    author = {Hallett, Lauren M and Farrer, Emily C and Suding, Katharine N and Mooney, Harold A and Hobbs, Richard J},
    number = {5047},
    pages = {1--6},
    volume = {9},
    publisher = {Springer US},
    url = {http://dx.doi.org/10.1038/s41467-018-07535-w},
    doi = {10.1038/s41467-018-07535-w},
    issn = {2041-1723}
}

@article{Blumenthal2020,
    title = {{Traits link drought resistance with herbivore defense and plant economics in semiarid grasslands: the central roles of phenology and leaf dry matter content}},
    year = {2020},
    journal = {Journal of Ecology},
    author = {Blumenthal, Dana M. and Mueller, Kevin E. and Kray, Julie A. and Ocheltree, Troy W. and Augustine, David J. and Wilcox, Kevin R.},
    pages = {1--16},
    doi = {10.1111/1365-2745.13454},
    issn = {0022-0477}
}

@article{Adler2019,
    title = {{Unpublished Data}},
    year = {2019},
    author = {Adler, Peter}
}

@article{Araujo2012,
    title = {{Uses and misuses of bioclimatic envelope modeling}},
    year = {2012},
    journal = {Ecology},
    author = {Ara{\'{u}}jo, Márcio S. and Peterson, A. Townsend},
    number = {7},
    pages = {1527--1539},
    volume = {93},
    url = {http://www.jstor.org/stable/23225219}
}

@article{Lindenmayer2012,
    title = {{Value of long-term ecological studies}},
    year = {2012},
    journal = {Austral Ecology},
    author = {Lindenmayer, David B. and Likens, Gene E. and Andersen, Alan and Bowman, David and Bull, C. Michael and Burns, Emma and Dickman, Chris R. and Hoffmann, Ary A. and Keith, David A. and Liddell, Michael J. and Lowe, Andrew J. and Metcalfe, Daniel J. and Phinn, Stuart R. and Russell-Smith, Jeremy and Thurgate, Nikki and Wardle, Glenda M.},
    number = {7},
    pages = {745--757},
    volume = {37},
    doi = {10.1111/j.1442-9993.2011.02351.x},
    issn = {14429985},
    keywords = {Ecological change, Ecological theory, Long-term ecological study, Modelling, Vulnerability assessment}
}

@article{Albertson1965,
    title = {{Vegation Changes During a 30-Year Period in Grassland Communities Near Hays , Kansas}},
    year = {1965},
    journal = {EcologyEcology},
    author = {Albertson, F W and Tomanek, G W},
    number = {5},
    pages = {714--720},
    volume = {46}
}

@article{Schwinning2001,
    title = {{Water use trade-offs and optimal adaptations to pulse-driven arid ecosystems}},
    year = {2001},
    journal = {Journal of Ecology},
    author = {Schwinning, Susanne and Ehleringer, James R.},
    number = {3},
    pages = {464--480},
    volume = {89},
    isbn = {1365-2745},
    doi = {10.1046/j.1365-2745.2001.00576.x},
    issn = {00220477},
    pmid = {238},
    keywords = {Desert, Genetic algorithm, Plant functional types, Whole-plant carbon gain}
}

@article{Wickham2019,
    title = {{Welcome to the Tidyverse}},
    year = {2019},
    journal = {Journal of Open Source Software},
    author = {Wickham, Hadley and Averick, Mara and Bryan, Jennifer and Chang, Winston and McGowan, Lucy and Fran{\c{c}}ois, Romain and Grolemund, Garrett and Hayes, Alex and Henry, Lionel and Hester, Jim and Kuhn, Max and Pedersen, Thomas and Miller, Evan and Bache, Stephan and M{\"{u}}ller, Kirill and Ooms, Jeroen and Robinson, David and Seidel, Dana and Spinu, Vitalie and Takahashi, Kohske and Vaughan, Davis and Wilke, Claus and Woo, Kara and Yutani, Hiroaki},
    number = {43},
    pages = {1686},
    volume = {4},
    doi = {10.21105/joss.01686}
}

@article{Makoto2019,
    title = {{When and where does dispersal limitation matter in primary succession ?}},
    year = {2019},
    author = {Makoto, Kobayashi and Wilson, Scott D},
    pages = {559--565},
    volume = {107},
    doi = {10.1111/1365-2745.12988}
}

@article{Bolnick2011,
    title = {{Why intraspecific trait variation matters in community ecology}},
    year = {2011},
    journal = {Trends in Ecology and Evolution},
    author = {Bolnick, Daniel I. and Amarasekare, Priyanga and Ara{\'{u}}jo, Márcio S. and B{\"{u}}rger, Reinhard and Levine, Jonathan M. and Novak, Mark and Rudolf, Volker H.W. and Schreiber, Sebastian J. and Urban, Mark C. and Vasseur, David A.},
    number = {4},
    pages = {183--192},
    volume = {26},
    isbn = {0169-5347},
    doi = {10.1016/j.tree.2011.01.009},
    issn = {01695347},
    pmid = {21367482}
}

@article{Anderegg2018,
    title = {{Within-species patterns challenge our understanding of the leaf economics spectrum}},
    year = {2018},
    journal = {Ecology Letters},
    author = {Anderegg, Leander D. L. and Berner, Logan T. and Badgley, Grayson and Sethi, Meera L. and Law, Beverly E. and HilleRisLambers, Janneke},
    url = {http://doi.wiley.com/10.1111/ele.12945},
    doi = {10.1111/ele.12945},
    issn = {1461023X},
    keywords = {functional trait, intra-specific variation, leaf lifespan, leaf mass per area, leaf nitrogen content}
}

@article{Franco2004ARates,
    title = {{A comparative demography of plants based upon elasticities of vital rates}},
    year = {2004},
    journal = {Ecology},
    author = {Franco, Miguel and Silvertown, Jonathan},
    number = {2},
    pages = {531--538},
    volume = {85},
    doi = {10.1890/02-0651},
    issn = {00129658},
    keywords = {Age at first reproduction, Damping ratio, Demographic triangle, Elasticity analysis, Finite rate of increase, Generation time, Longevity, Net reproductive rate, Perennial plants, Period of oscillation, Population projection matrix}
}

@article{Merritt2014ALongevity,
    title = {{A continental-scale study of seed lifespan in experimental storage examining seed, plant, and environmental traits associated with longevity}},
    year = {2014},
    journal = {Biodiversity and Conservation},
    author = {Merritt, David J. and Martyn, Amelia J. and Ainsley, Phillip and Young, Renee E. and Seed, Leahwyn U. and Thorpe, Michael and Hay, Fiona R. and Commander, Lucy E. and Shackelford, Nancy and Offord, Catherine A. and Dixon, Kingsley W. and Probert, Robin J.},
    number = {5},
    pages = {1081--1104},
    volume = {23},
    isbn = {1053101406416},
    doi = {10.1007/s10531-014-0641-6},
    issn = {15729710},
    keywords = {Biodiversity conservation, Climate, Gene bank, Germination, Seed bank, Serotiny}
}

@article{Smith2009AChange,
    title = {{A framework for assessing ecosystem dynamics in response to chronic resource alterations induced by global change}},
    year = {2009},
    journal = {Ecology},
    author = {Smith, Melinda D. and Knapp, Alan K. and Collins, Scott L.},
    number = {12},
    pages = {3279--3289},
    volume = {90},
    doi = {10.1890/08-1815.1},
    issn = {00129658},
    pmid = {20120798},
    keywords = {Ecological change, Ecosystem structure and function, Global-change drivers, Hierarchical-response framework, Pulse-press disturbances}
}

@article{Thompson2020AEcology,
    title = {{A process-based bramework for metacommunity ecology}},
    year = {2020},
    journal = {BioRxiv},
    author = {Thompson, Patrick L and Guzman, Laura Melissa and De Meester, Luc and Horv{\'{a}}th, Zsófia and Ptacnik, Robert and Vanschoenwinkel, Bram and Viana, Duarte S and Chase, Jonathan M},
    pages = {1--41},
    doi = {https://www.biorxiv.org/content/10.1101/832170v2}
}

@article{Vicente-Serrano2020AWarming,
    title = {{A review of environmental droughts: Increased risk under global warming?}},
    year = {2020},
    journal = {Earth-Science Reviews},
    author = {Vicente-Serrano, Sergio M. and Quiring, Steven M. and Pe{\~{n}}a-Gallardo, Marina and Yuan, Shanshui and Dom{\'{i}}nguez-Castro, Fernando},
    number = {September 2019},
    pages = {102953},
    volume = {201},
    publisher = {Elsevier},
    doi = {10.1016/j.earscirev.2019.102953},
    issn = {00128252},
    keywords = {Aquatic systems, Desertification, Forest fires, Soil, Wildlife}
}

@article{Whittaker1954AMountains,
    title = {{A Study of Summer Foliage Insect Communities in the Great Smoky Mountains}},
    year = {1954},
    journal = {Ecological Monographs},
    author = {Whittaker, R. H.},
    number = {1},
    pages = {1--44},
    volume = {22}
}

@article{Andrello2020AccountingPlant,
    title = {{Accounting for stochasticity in demographic compensation along the elevational range of an alpine plant}},
    year = {2020},
    journal = {Ecology Letters},
    author = {Andrello, Marco and de Villemereuil, Pierre and Carboni, Marta and Busson, Delphine and Fortin, Marie-josée and Gaggiotti, Oscar E and Till-Bottraud, Irène},
    editor = {Hodgson, Dave},
    month = {3},
    url = {http://doi.wiley.com/10.1111/ele.13488},
    doi = {10.1111/ele.13488},
    issn = {1461023X},
    keywords = {2020, arabis alpina, brassicaceae, ecology letters, elasticity, elevation, population dynamics, stochasticity}
}

@article{Hodgson1999AllocatingFo,
    title = {{Allocating C-S-R Plant Functional Types : A Soft Approach to a Hard Problem Published by : Wiley on behalf of Nordic Society Oikos Stable URL : http://www.jstor.org/stable/3546494 REFERENCES Linked references are available on JSTOR fo}},
    year = {1999},
    journal = {Oikos},
    author = {Hodgson, Author J G and Wilson, P J and Hunt, R and Grime, J P and Thompson, K and Hodgson, J G and Wilson, P J and Hunt, R and Grime, J P and Thompson, K},
    number = {85},
    pages = {282--294},
    volume = {85}
}

@article{Smith2011AnResearch,
    title = {{An ecological perspective on extreme climatic events: A synthetic definition and framework to guide future research}},
    year = {2011},
    journal = {Journal of Ecology},
    author = {Smith, Melinda D.},
    number = {3},
    pages = {656--663},
    volume = {99},
    doi = {10.1111/j.1365-2745.2011.01798.x},
    issn = {00220477},
    keywords = {Climate change, Drought, Ecosystem sensitivity, Extreme events, Extreme weather, Global change, Heat wave, Plant-climate interactions, State change, Thresholds}
}

@book{Elton1927AnimalEcology,
    title = {{Animal Ecology}},
    year = {1927},
    author = {Elton, Charles},
    publisher = {Sidgwick and Jackson},
    address = {London},
    isbn = {ISBN 0-226-20639-4}
}

@article{Lavergne2013AreEvolution,
    title = {{Are species' responses to global change predicted by past niche evolution?}},
    year = {2013},
    journal = {Philosophical Transactions of the Royal Society B: Biological Sciences},
    author = {Lavergne, Sébastien and Evans, Margaret E.K. and Burfield, Ian J. and Jiguet, Frederic and Thuiller, Wilfried},
    number = {1610},
    volume = {368},
    doi = {10.1098/rstb.2012.0091},
    issn = {14712970},
    keywords = {Climatic niche, Comparative analyses, Conservation, Eltonian niche, Grinnellian niche, Phylogeny}
}

@article{Weltzin2003AssessingPrecipitation,
    title = {{Assessing the Response of Terrestrial Ecosystems to Potential Changes in Precipitation}},
    year = {2003},
    journal = {BioScience},
    author = {Weltzin, Jake F. and Loik, Michael E. and Schwinning, Susanne and Williams, David G. and Fay, Philip A. and Haddad, Brent M. and Harte, John and Huxman, Travis E. and Knapp, Alan K. and Lin, Guanghui and Pockman, William T. and Shaw, M. Rebecca and Small, Eric E. and Smith, Melinda D. and Smith, Stanley D. and Tissue, David T. and Zak, John C.},
    number = {10},
    pages = {941--952},
    volume = {53},
    doi = {10.1641/0006-3568(2003)053[0941:ATROTE]2.0.CO;2},
    issn = {00063568},
    keywords = {Community, Ecosystem, Global change, Precipitation, Soil moisture}
}

@article{Loreau2003BiodiversityLandscapes,
    title = {{Biodiversity as spatial insurance in heterogeneous landscapes}},
    year = {2003},
    journal = {Proceedings of the National Academy of Sciences of the United States of America},
    author = {Loreau, Michel and Mouquet, Nicolas and Gonzalez, Andrew},
    number = {22},
    pages = {12765--12770},
    volume = {100},
    doi = {10.1073/pnas.2235465100},
    issn = {00278424}
}

@article{Isbell2015BiodiversityExtremes,
    title = {{Biodiversity increases the resistance of ecosystem productivity to climate extremes}},
    year = {2015},
    journal = {Nature},
    author = {Isbell, Forest and Craven, Dylan and Connolly, John and Loreau, Michel and Schmid, Bernhard and Beierkuhnlein, Carl and Bezemer, T. Martijn and Bonin, Catherine and Bruelheide, Helge and De Luca, Enrica and Ebeling, Anne and Griffin, John N. and Guo, Qinfeng and Hautier, Yann and Hector, Andy and Jentsch, Anke and Kreyling, Jürgen and Lanta, Vojtêch and Manning, Pete and Meyer, Sebastian T. and Mori, Akira S. and Naeem, Shahid and Niklaus, Pascal A. and Polley, H. Wayne and Reich, Peter B. and Roscher, Christiane and Seabloom, Eric W. and Smith, Melinda D. and Thakur, Madhav P. and Tilman, David and Tracy, Benjamin F. and Van Der Putten, Wim H. and Van Ruijven, Jasper and Weigelt, Alexandra and Weisser, Wolfgang W. and Wilsey, Brian and Eisenhauer, Nico},
    number = {7574},
    pages = {574--577},
    volume = {526},
    doi = {10.1038/nature15374},
    issn = {14764687},
    pmid = {26466564}
}

@article{Poorter2009CausesMeta-analysis,
    title = {{Causes and consequences of variation in leaf mass per area (LMA): A meta-analysis}},
    year = {2009},
    journal = {New Phytologist},
    author = {Poorter, Hendrik and Niinemets, {\"U}lo and Poorter, Lourens and Wright, Ian J. and Villar, Rafael},
    number = {3},
    pages = {565--588},
    volume = {182},
    doi = {10.1111/j.1469-8137.2009.02830.x},
    issn = {0028646X},
    pmid = {19434804},
    keywords = {Chemical composition, Environment, Functional types, Growth rate, Leaf anatomy, Plasticity, Trait spectrum}
}

@article{Weiher1999ChallengingEcology,
    title = {{Challenging Theophrastus: A common core list of plant traits for functional ecology}},
    year = {1999},
    journal = {Journal of Vegetation Science},
    author = {Weiher, Evan and Werf, Adrie and Thompson, Ken and Roderick, Michael and Garnier, Eric and Eriksson, Ove},
    number = {5},
    pages = {609--620},
    volume = {10},
    doi = {10.2307/3237076},
    issn = {1100-9233},
    keywords = {1968, bowers, classification, dispersal, disturbance, establishment, functional, leaf water content, nomenclature, persistence, plant height, radford et al, seed mass, specific leaf area, wignall}
}

@article{Dalgleish2011ClimatePlants,
    title = {{Climate influences the demography of three dominant sagebrush steppe plants}},
    year = {2011},
    journal = {Ecology},
    author = {Dalgleish, Harmony J. and Koons, David N. and Hooten, Mevin B. and Moffet, Corey A. and Adler, Peter B.},
    number = {1},
    pages = {75--85},
    volume = {92},
    isbn = {0012-9658},
    doi = {10.1890/10-0780.1},
    issn = {00129658},
    pmid = {21560678},
    keywords = {Artemisia tripartite, Climate change, Demography, Hesperostipa comata, Idaho, Integral projection models, Population dynamics, Pseudoroegneria spicata, Sagebrush steppe, U.S. Sheep Experiment Station, USA}
}

@article{Harrison2015Climate-drivenCommunity,
    title = {{Climate-driven diversity loss in a grassland community}},
    year = {2015},
    journal = {Proceedings of the National Academy of Sciences of the United States of America},
    author = {Harrison, Susan P. and Gornish, Elise S. and Copeland, Stella},
    number = {28},
    pages = {8672--8677},
    volume = {112},
    doi = {10.1073/pnas.1502074112},
    issn = {10916490},
    pmid = {26100891},
    keywords = {Aridification, Biodiversity, Climate change, Drought, Grasslands}
}

@article{Cornwell2009CommunityCalifornia,
    title = {{Community assembly and shifts in plant trait distributions across an environmental gradient in coastal California}},
    year = {2009},
    journal = {Ecological Monographs},
    author = {Cornwell, William K. and Ackerly, David D.},
    number = {1},
    pages = {109--126},
    volume = {79},
    doi = {10.1890/07-1134.1},
    issn = {00129615},
    keywords = {Community assembly, Environment-species-trait relationship, Environmental gradient, Habitat filtering, Jasper Ridge Biological Preserve, California, USA, Limiting similarity, Plant functional traits.}
}

@article{Ackerly2003CommunityEnvironments,
    title = {{Community assembly, niche conservatism, and adaptive evolution in changing environments}},
    year = {2003},
    journal = {International Journal of Plant Sciences},
    author = {Ackerly, David D.},
    number = {SUPPL. 3},
    volume = {164},
    doi = {10.1086/368401},
    issn = {10585893},
    keywords = {Adaptation, California flora, Climate change, Community assembly, Environmental tolerances, Niche, Phylogeny, Specific leaf area, Stabilizing selection}
}

@article{Ploughe2019CommunityInteractions,
    title = {{Community Response to Extreme Drought (CRED): a framework for drought-induced shifts in plant–plant interactions}},
    year = {2019},
    journal = {New Phytologist},
    author = {Ploughe, Laura W. and Jacobs, Elin M. and Frank, Graham S. and Greenler, Skye M. and Smith, Melinda D. and Dukes, Jeffrey S.},
    number = {1},
    pages = {52--69},
    volume = {222},
    doi = {10.1111/nph.15595},
    issn = {14698137},
    pmid = {30449035},
    keywords = {competition, drought, facilitation, plant community, recovery, resilience, resistance, stress gradient hypothesis (SGH)}
}

@article{Niinemets1999ComponentsPlants,
    title = {{Components of leaf dry mass per area - thickness and density - alter leaf photosynthetic capacity in reverse directions in woody plants}},
    year = {1999},
    journal = {New Phytologist},
    author = {Niinemets, {\"U}lo},
    number = {1},
    pages = {35--47},
    volume = {144},
    doi = {10.1046/j.1469-8137.1999.00466.x},
    issn = {0028646X},
    keywords = {Interspecific comparisons, Leaf anatomy, Leaf density, Leaf mass per area, Leaf nitrogen, Leaf thickness, Photosynthesis, Woody species}
}

@article{Knapp2008ConsequencesEcosystems,
    title = {{Consequences of more extreme precipitation regimes for terrestrial ecosystems}},
    year = {2008},
    journal = {BioScience},
    author = {Knapp, Alan K. and Beier, Claus and Briske, David D. and Classen, Aimée T. and Yiqi, Luo and Reichstein, Markus and Smith, Melinda D. and Smith, Stanley D. and Bell, Jesse E. and Fay, Philip A. and Heisler, Jana L. and Leavitt, Steven W. and Sherry, Rebecca and Smith, Benjamin and Weng, Ensheng},
    number = {9},
    pages = {811--821},
    volume = {58},
    doi = {10.1641/B580908},
    issn = {00063568},
    keywords = {Climate change, Drought, Ecosystems, Precipitation, Soil water}
}

@article{Knapp2008ConsequencesEcosystemsb,
    title = {{Consequences of more extreme precipitation regimes for terrestrial ecosystems}},
    year = {2008},
    journal = {BioScience},
    author = {Knapp, Alan K. and Beier, Claus and Briske, David D. and Classen, Aimée T. and Yiqi, Luo and Reichstein, Markus and Smith, Melinda D. and Smith, Stanley D. and Bell, Jesse E. and Fay, Philip A. and Heisler, Jana L. and Leavitt, Steven W. and Sherry, Rebecca and Smith, Benjamin and Weng, Ensheng},
    number = {9},
    pages = {811--821},
    volume = {58},
    doi = {10.1641/B580908},
    issn = {00063568},
    keywords = {Climate change, Drought, Ecosystems, Precipitation, Soil water}
}

@article{Nguyen2019ConsequencesModels,
    title = {{Consequences of neglecting cryptic life stages from demographic models}},
    year = {2019},
    journal = {Ecological Modelling},
    author = {Nguyen, Vuong and Buckley, Yvonne M. and Salguero-G{\'{o}}mez, Roberto and Wardle, Glenda M.},
    number = {June},
    volume = {408},
    doi = {10.1016/j.ecolmodel.2019.108723},
    issn = {03043800},
    keywords = {Comparative demography, Cryptic life stages, Matrix population models, Plant population ecology, Seed bank, Seed dormancy}
}

@article{Huxman2004ConvergenceEfficiency,
    title = {{Convergence across biomes to a common rain-use efficiency}},
    year = {2004},
    journal = {Nature},
    author = {Huxman, Travis E. and Smith, Melinda D. and Fay, Philip A. and Knapp, Alan K. and Shaw, M. Rebecca and Lolk, Michael E. and Smith, Stanley D. and Tissue, David T. and Zak, John C. and Weltzin, Jake F. and Pockman, William T. and Sala, Osvaldo E. and Haddad, Brent M. and Harte, John and Koch, George W. and Schwinning, Susan and Small, Eric E. and Williams, David G.},
    number = {6992},
    pages = {651--654},
    volume = {429},
    doi = {10.1038/nature02561},
    issn = {00280836}
}

@book{Ellner2016Data-drivenPopulations,
    title = {{Data-driven Modelling of Structured Populations}},
    year = {2016},
    author = {Ellner, Stephen P. and Childs, Dylan Z. and Rees, Mark},
    series = {Lecture Notes on Mathematical Modelling in the Life Sciences},
    publisher = {Springer International Publishing},
    url = {http://link.springer.com/10.1007/978-3-319-28893-2},
    address = {Switzerland},
    isbn = {978-3-319-28891-8},
    doi = {10.1007/978-3-319-28893-2}
}

@book{Structure1982DavidTilman,
    title = {{David Tilman}},
    year = {1982},
    author = {Structure, Resource competition and community},
    editor = {May, Robert M},
    publisher = {Princeton University Press},
    address = {Princeton, NJ}
}

@article{Salguero-Gomez2018DeliveringVersa,
    title = {{Delivering the promises of trait-based approaches to the needs of demographic approaches, and vice versa}},
    year = {2018},
    journal = {Functional Ecology},
    author = {Salguero-G{\'{o}}mez, Roberto and Violle, Cyrille and Gimenez, Olivier and Childs, Dylan},
    number = {6},
    pages = {1424--1435},
    volume = {32},
    doi = {10.1111/1365-2435.13148},
    issn = {13652435},
    keywords = {fast–slow continuum, fitness, functional trait, leaf economics spectrum, life-history trait, macroecology, selection gradient, vital rate}
}

@article{Villellas2015DemographicImplications,
    title = {{Demographic compensation among populations: What is it, how does it arise and what are its implications?}},
    year = {2015},
    journal = {Ecology Letters},
    author = {Villellas, Jesús and Doak, Daniel F. and Garc{\'{i}}a, María B. and Morris, William F.},
    number = {11},
    pages = {1139--1152},
    volume = {18},
    doi = {10.1111/ele.12505},
    issn = {14610248},
    keywords = {Demographic compensation, Environmental gradient, Geographical distribution, Global climate change, Life-history trade-off, Negative correlations, Population growth rate, Range limit, Sensitivity, Vital rates}
}

@article{Doak2010DemographicShifts,
    title = {{Demographic compensation and tipping points in climate-induced range shifts}},
    year = {2010},
    journal = {Nature},
    author = {Doak, Daniel F. and Morris, William F.},
    number = {7318},
    pages = {959--962},
    volume = {467},
    publisher = {Nature Publishing Group},
    url = {http://dx.doi.org/10.1038/nature09439},
    doi = {10.1038/nature09439},
    issn = {00280836},
    pmid = {20962844}
}

@article{Kunstler2020DemographicEdges,
    title = {{Demographic performance of European tree species at their hot and cold climatic edges}},
    year = {2020},
    journal = {Journal of Ecology},
    author = {Kunstler, Georges and Guyennon, Arnaud and Ratcliffe, Sophia and R{\"{u}}ger, Nadja and Ruiz‐Benito, Paloma and Childs, Dylan Z. and Dahlgren, Jonas and Lehtonen, Aleksi and Thuiller, Wilfried and Wirth, Christian and Zavala, Miguel A. and Salguero‐Gomez, Roberto},
    pages = {1--34},
    doi = {10.1111/1365-2745.13533},
    issn = {0022-0477}
}

@article{Copenhaver-Parry2016DoConifers,
    title = {{Do community-level models account for the effects of biotic interactions? A comparison of community-level and species distribution modeling of Rocky Mountain conifers}},
    year = {2016},
    journal = {Plant Ecology},
    author = {Copenhaver-Parry, Paige E. and Albeke, Shannon E. and Tinker, Daniel B.},
    number = {5},
    pages = {533--547},
    volume = {217},
    publisher = {Springer Netherlands},
    doi = {10.1007/s11258-016-0598-5},
    issn = {15735052},
    keywords = {Co-occurrence, Conditional random forests, Douglas-fir, Lodgepole pine, Multivariate adaptive regression splines, Ponderosa pine}
}

@article{Probert2009EcologicalSpecies,
    title = {{Ecological correlates of ex situ seed longevity: A comparative study on 195 species}},
    year = {2009},
    journal = {Annals of Botany},
    author = {Probert, Robin J. and Daws, Matthew I. and Hay, Fiona R.},
    number = {1},
    pages = {57--69},
    volume = {104},
    doi = {10.1093/aob/mcp082},
    issn = {03057364},
    keywords = {Climate, Gene banks, Seed ageing, Seed longevity, Seed structure, Taxonomic trends}
}

@article{0EndangeredPlants,
    title = {{Endangered and Threatened Wildlife and Plants; Removie Oenothera coloradensis (Colorado Butterfly Plant) From the Federal List of Endangered and Threatened Plants}},
    year = {0},
    journal = {Federal Register: The Daily Journal of the United States},
    number = {214},
    pages = {59570--59588},
    volume = {84 Fed Reg}
}

@article{Craine2005EnvironmentalGrasses,
    title = {{Environmental constraints on a global relationship among leaf and root traits of grasses}},
    year = {2005},
    journal = {Ecology},
    author = {Craine, Joseph M and Lee, William G and Bond, William J and Williams, Richard J and Johnson, Loretta C},
    number = {1},
    pages = {12--19},
    volume = {86},
    keywords = {grass, leaf, nitrogen cycling, plant functional traits, root}
}

@article{Templeton1979EvolutionaryPools,
    title = {{Evolutionary Consequences of Seed Pools}},
    year = {1979},
    journal = {The American Naturalist},
    author = {Templeton, Alan R and Levin, Donald A},
    number = {2},
    pages = {232--249},
    volume = {114}
}

@article{Ma2018EvolutionaryTraits,
    title = {{Evolutionary history resolves global organization of root functional traits}},
    year = {2018},
    journal = {Nature},
    author = {Ma, Zeqing and Guo, Dali and Xu, Xingliang and Lu, Mingzhen and Bardgett, Richard D. and Eissenstat, David M. and McCormack, M. Luke and Hedin, Lars O.},
    number = {7694},
    pages = {94--97},
    volume = {555},
    publisher = {Nature Publishing Group},
    url = {http://dx.doi.org/10.1038/nature25783},
    isbn = {1476-4687},
    doi = {10.1038/nature25783},
    issn = {14764687},
    pmid = {29466331}
}

@article{Craine2013GlobalResilience,
    title = {{Global diversity of drought tolerance and grassland climate-change resilience}},
    year = {2013},
    journal = {Nature Climate Change},
    author = {Craine, Joseph M. and Ocheltree, Troy W. and Nippert, Jesse B. and Towne, E. Gene and Skibbe, Adam M. and Kembel, Steven W. and Fargione, Joseph E.},
    number = {1},
    pages = {63--67},
    volume = {3},
    publisher = {Nature Publishing Group},
    url = {http://dx.doi.org/10.1038/nclimate1634},
    isbn = {1758-678X},
    doi = {10.1038/nclimate1634},
    issn = {1758678X}
}

@article{Niinemets2001Global-scaleShrubs,
    title = {{Global-scale climatic controls of leaf dry mass per area, density, and thickness in trees and shrubs}},
    year = {2001},
    journal = {Ecology},
    author = {Niinemets, {\"U}lo},
    number = {2},
    pages = {453--469},
    volume = {82},
    doi = {10.1890/0012-9658(2001)082[0453:GSCCOL]2.0.CO;2},
    issn = {00129658},
    keywords = {Aridity, Elastic modulus, Foliar water relations, Leaf construction cost, Leaf density, Leaf thickness, Solar radiation}
}

@article{Majekova2019GrasslandMoisture,
    title = {{Grassland plants show no relationship between leaf drought tolerance and soil moisture affinity, but rapidly adjust to changes in soil moisture}},
    year = {2019},
    journal = {Functional Ecology},
    author = {M{\'{a}}jekov{\'{a}}, Maria and Mart{\'{i}}nkov{\'{a}}, Jana and H{\'{a}}jek, Tomáš},
    number = {5},
    pages = {774--785},
    volume = {33},
    doi = {10.1111/1365-2435.13312},
    issn = {13652435},
    keywords = {Ellenberg indicator values for soil moisture, drought tolerance, functional traits, osmometry, osmotic potential at full hydration, specific leaf area, temperate grasslands, turgor loss point}
}

@article{Society2017HabitatHttp://www.jstor.org/stable/3,
    title = {{Habitat , the Templet for Ecological Strategies ? Author ( s ): T . R . E . Southwood Source : Journal of Animal Ecology , Vol . 46 , No . 2 ( Jun ., 1977 ), pp . 336-365 Published by : British Ecological Society Stable URL : http://www.jstor.org/stable/3}},
    year = {2017},
    journal = {Ecological Applications},
    author = {Society, British Ecological},
    number = {2},
    pages = {336--365},
    volume = {46}
}

@misc{Hubbell_UNT_Ch4.pdf,
    title = {{Hubbell{\_}UNT{\_}Ch4.pdf}}
}

@misc{Hubbell_UNT_Ch4.pdfb,
    title = {{Hubbell{\_}UNT{\_}Ch4.pdf}}
}

@misc{Hubbell_UNT_Ch5.pdf,
    title = {{Hubbell{\_}UNT{\_}Ch5.pdf}}
}

@misc{Hubbell_UNT_Ch5.pdfb,
    title = {{Hubbell{\_}UNT{\_}Ch5.pdf}}
}

@article{Colwell2009HutchinsonsNiche,
    title = {{Hutchinson's duality: The once and future niche}},
    year = {2009},
    journal = {Proceedings of the National Academy of Sciences of the United States of America},
    author = {Colwell, Robert K. and Rangel, Thiago F.},
    number = {SUPPL. 2},
    pages = {19651--19658},
    volume = {106},
    doi = {10.1073/pnas.0901650106},
    issn = {10916490},
    keywords = {Biogeography, Biotope, Global climate change, Species distributions, Stochastic models}
}

@article{Cooper1998ImplicationsEcology,
    title = {{Implications of scale for patterns and processes in stream ecology}},
    year = {1998},
    journal = {Australian Journal of Ecology},
    author = {Cooper, Scott D. and Diehl, Sebastian and Kratz, Kim and Sarnelle, Orlando},
    number = {1},
    pages = {27--40},
    volume = {23},
    doi = {10.1111/j.1442-9993.1998.tb00703.x},
    issn = {14429985},
    keywords = {Biological interactions, Communities, Freshwater, Scale, Stream ecology}
}

@article{Violle2007LetFunctional,
    title = {{Let the concept of trait be functional!}},
    year = {2007},
    journal = {Oikos},
    author = {Violle, Cyrille and Navas, Marie-laure and Vile, Denis and Kazakou, Elena and Fortunel, Claire and Hummel, Irène and Garnier, Eric},
    number = {5},
    month = {5},
    pages = {882--892},
    volume = {116},
    doi = {10.1111/j.2007.0030-1299.15559.x},
    issn = {0030-1299}
}

@article{2019Lindsay21,
    title = {{Lindsay Martinez – Week 4 February 21}},
    year = {2019},
    pages = {2011--2012}
}

@article{Dahlgren2009LinkingHerb,
    title = {{Linking environmental variation to population dynamics of a forest herb}},
    year = {2009},
    journal = {Journal of Ecology},
    author = {Dahlgren, Johan P. and Ehrl{\'{e}}n, Johan},
    number = {4},
    pages = {666--674},
    volume = {97},
    doi = {10.1111/j.1365-2745.2009.01504.x},
    issn = {00220477},
    keywords = {Actaea spicata, Habitat range, Integral projection model, Plant demography, Population dynamics, Pre-dispersal seed predation, Soil potassium concentration}
}

@article{Shoemaker2016LinkingMechanisms,
    title = {{Linking metacommunity paradigms to spatial coexistence Mechanisms}},
    year = {2016},
    journal = {Ecology},
    author = {Shoemaker, Lauren G. and Melbourne, Brett A.},
    number = {9},
    pages = {2436--2446},
    volume = {97},
    doi = {10.1002/ecy.1454},
    issn = {00129658},
    keywords = {Coexistence, Equalizing mechanisms, Mass effects, Metacommunity paradigms, Neutral model, Niche, Patch dynamics, Spatial variation, Species sorting, Stabilizing mechanisms}
}

@article{Luo2019LongGrasslands,
    title = {{Long term experimental drought alters community plant trait variation, not trait means, across three semiarid grasslands}},
    year = {2019},
    journal = {Plant and Soil},
    author = {Luo, Wentao and Zuo, Xiaoan and Griffin-Nolan, Robert J. and Xu, Chong and Ma, Wang and Song, Lin and Helsen, Kenny and Lin, Yingchao and Cai, Jiangping and Yu, Qiang and Wang, Zhengwen and Smith, Melinda D. and Han, Xingguo and Knapp, Alan K.},
    number = {1-2},
    pages = {343--353},
    volume = {442},
    publisher = {Plant and Soil},
    doi = {10.1007/s11104-019-04176-w},
    issn = {15735036},
    keywords = {Climate change, Grasslands, Intraspecific trait variability, Plant functional traits, Species turnover}
}

@article{Lauenroth1992Long-TermSteppe,
    title = {{Long-Term Forage Production of North American Shortgrass Steppe}},
    year = {1992},
    journal = {Ecological Applications},
    author = {Lauenroth, William K and Sala, Osvaldo E},
    number = {4},
    pages = {397--403},
    volume = {2},
    keywords = {aboveground net primary production, actions, forage production, population-ecosystem inter-, shortgrass steppe, spatial variability, temporal variability, water use efficiency}
}

@article{Adler2007Long-termPlants,
    title = {{Long-term mapped quadrats from Kansas prairie: Demographic information for herbaceous plants}},
    year = {2007},
    journal = {Ecology},
    author = {Adler, Peter B and Tyburczy, William R and Lauenroth, William K},
    number = {10},
    pages = {2673},
    volume = {88},
    url = {http://dx.doi.org/10.1890%2F0012-9658%282007%2988%5B2673%3ALMQFKP%5D2.0.CO%3B2},
    isbn = {0012-9658},
    doi = {10.1890/0012-9658(2007)88[2673:LMQFKP]2.0.CO;2},
    issn = {0012-9658}
}

@article{McDowell2008MechanismsDrought,
    title = {{Mechanisms of plant survival and mortality during drought: Why do some plants survive while others succumb to drought?}},
    year = {2008},
    journal = {New Phytologist},
    author = {McDowell, Nate and Pockman, William T. and Allen, Craig D. and Breshears, David D. and Cobb, Neil and Kolb, Thomas and Plaut, Jennifer and Sperry, John and West, Adam and Williams, David G. and Yepez, Enrico A.},
    number = {4},
    pages = {719--739},
    volume = {178},
    doi = {10.1111/j.1469-8137.2008.02436.x},
    issn = {0028646X},
    pmid = {18422905},
    keywords = {Climate, Die-off, Hydraulics, Vegetation mortality, Water relations}
}

@article{Kearney2009MechanisticRanges,
    title = {{Mechanistic niche modelling: Combining physiological and spatial data to predict species' ranges}},
    year = {2009},
    journal = {Ecology Letters},
    author = {Kearney, Michael and Porter, Warren},
    number = {4},
    pages = {334--350},
    volume = {12},
    doi = {10.1111/j.1461-0248.2008.01277.x},
    issn = {1461023X},
    pmid = {19292794},
    keywords = {Biophysical ecology, Climate, Fundamental niche, Geographical information systems, Microclimate, Physiological ecology, Realized niche, Species distribution modelling}
}

@article{Pages2014ModellingBranching,
    title = {{Modelling the root system architecture of Poaceae. Can we simulate integrated traits from morphological parameters of growth and branching?}},
    year = {2014},
    journal = {New Phytologist},
    author = {Pag{\`{e}}s, Loïc and Picon-Cochard, Catherine},
    number = {1},
    pages = {149--158},
    volume = {204},
    doi = {10.1111/nph.12904},
    issn = {14698137},
    pmid = {24954405},
    keywords = {Branching, Growth, Model, Poaceae, Root system architecture, Root trait, Specific root length (SRL)}
}

@article{Clements1936NatureClimax,
    title = {{Nature and Structure of the Climax}},
    year = {1936},
    journal = {The Journal of Ecology},
    author = {Clements, Frederic E},
    pages = {252--284},
    volume = {24}
}

@article{Pearman2008NicheTime,
    title = {{Niche dynamics in space and time}},
    year = {2008},
    journal = {Trends in Ecology and Evolution},
    author = {Pearman, Peter B. and Guisan, Antoine and Broennimann, Olivier and Randin, Christophe F.},
    number = {3},
    pages = {149--158},
    volume = {23},
    doi = {10.1016/j.tree.2007.11.005},
    issn = {01695347}
}

@article{Cohen1966OptimizingEnvironment,
    title = {{Optimizing reproduction in a randomly varying environment}},
    year = {1966},
    journal = {Journal of Theoretical Biology},
    author = {Cohen, Dan},
    number = {1},
    pages = {119--129},
    volume = {12},
    doi = {10.1016/0022-5193(66)90188-3},
    issn = {10958541},
    pmid = {6015423}
}

@article{Bates2015ParsimoniousModels,
    title = {{Parsimonious Mixed Models}},
    year = {2018},
    journal = {arXiv.stat.ME},
    author = {Bates, Douglas and Kliegl, Reinhold and Vasishth, Shravan and Baayen, Harald},
    url = {http://arxiv.org/abs/1506.04967},
    eprint={1506.04967},
    archivePrefix={arXiv},
    primaryClass={stat.ME},
    arxivId = {1506.04967},
    keywords = {crossed random effects, linear mixed models, model, model selection}
}

@article{Majekova2014PlantStability,
    title = {{Plant functional traits as determinants of population stability}},
    year = {2014},
    journal = {Ecology},
    author = {M{\'{a}}jekov{\'{a}}, Maria and de Bello, Francesco and Dolezal, Jirí and Leps, Jan},
    number = {9},
    pages = {2369--2374},
    volume = {95},
    doi = {10.1890/13-1880.1},
    keywords = {biomass, fertilization, ldmc, leaf economics spectrum, plant functional traits, population, species-rich wet meadow, storage effect, temporal stability}
}

@article{Kunstler2016PlantCompetition,
    title = {{Plant functional traits have globally consistent effects on competition}},
    year = {2016},
    journal = {Nature},
    author = {Kunstler, Georges and Falster, Daniel and Coomes, David A. and Hui, Francis and Kooyman, Robert M. and Laughlin, Daniel C. and Poorter, Lourens and Vanderwel, Mark and Vieilledent, Ghislain and Wright, S. Joseph and Aiba, Masahiro and Baraloto, Christopher and Caspersen, John and Cornelissen, J. Hans C. and Gourlet-Fleury, Sylvie and Hanewinkel, Marc and Herault, Bruno and Kattge, Jens and Kurokawa, Hiroko and Onoda, Yusuke and Pe{\~{n}}uelas, Josep and Poorter, Hendrik and Uriarte, Maria and Richardson, Sarah and Ruiz-Benito, Paloma and Sun, I. Fang and St{\aa}hl, Göran and Swenson, Nathan G. and Thompson, Jill and Westerlund, Bertil and Wirth, Christian and Zavala, Miguel A. and Zeng, Hongcheng and Zimmerman, Jess K. and Zimmermann, Niklaus E. and Westoby, Mark},
    number = {7585},
    pages = {204--207},
    volume = {529},
    url = {https://www.nature.com/articles/nature16476},
    doi = {10.1038/nature16476},
    issn = {14764687},
    pmid = {26700807}
}

@article{vanderPlas2020PlantFunctioning,
    title = {{Plant traits alone are poor predictors of ecosystem properties and long-term ecosystem functioning}},
    year = {2020},
    journal = {Nature Ecology and Evolution},
    author = {van der Plas, Fons and Schr{\"{o}}der-Georgi, Thomas and Weigelt, Alexandra and Barry, Kathryn and Meyer, Sebastian and Alzate, Adriana and Barnard, Romain L. and Buchmann, Nina and de Kroon, Hans and Ebeling, Anne and Eisenhauer, Nico and Engels, Christof and Fischer, Markus and Gleixner, Gerd and Hildebrandt, Anke and Koller-France, Eva and Leimer, Sophia and Milcu, Alexandru and Mommer, Liesje and Niklaus, Pascal A. and Oelmann, Yvonne and Roscher, Christiane and Scherber, Christoph and Scherer-Lorenzen, Michael and Scheu, Stefan and Schmid, Bernhard and Schulze, Ernst Detlef and Temperton, Vicky and Tscharntke, Teja and Voigt, Winfried and Weisser, Wolfgang and Wilcke, Wolfgang and Wirth, Christian},
    isbn = {4155902001},
    doi = {10.1038/s41559-020-01316-9},
    issn = {2397334X}
}

@article{Wilcox2020PlantPrairie,
    title = {{Plant traits related to precipitation sensitivity of species and communities in semi‐arid shortgrass prairie}},
    year = {2020},
    journal = {New Phytologist},
    author = {Wilcox, Kevin R and Blumenthal, Dana M and Kray, Julie A and Mueller, Kevin E and Derner, Justin D and Ocheltree, Troy and Porensky, Lauren M},
    number = {4},
    month = {10},
    volume = {229},
    isbn = {0000000277075},
    doi = {10.1111/nph.17000},
    issn = {0028-646X}
}

@article{Lipowsky2015PlasticityBiodiversity,
    title = {{Plasticity of functional traits of forb species in response to biodiversity}},
    year = {2015},
    journal = {Perspectives in Plant Ecology, Evolution and Systematics},
    author = {Lipowsky, Annett and Roscher, Christiane and Schumacher, Jens and Michalski, Stefan G. and Gubsch, Marlén and Buchmann, Nina and Schulze, Ernst Detlef and Schmid, Bernhard},
    number = {1},
    pages = {66--77},
    volume = {17},
    publisher = {Elsevier GmbH.},
    url = {http://dx.doi.org/10.1016/j.ppees.2014.11.003},
    doi = {10.1016/j.ppees.2014.11.003},
    issn = {16180437},
    keywords = {Legumes, Niche differentiation, Phylogeny, Plant functional traits, Species richness, Trait variation}
}

@article{Macarthur1958PopulationForests,
    title = {{Population Ecology of Some Warblers of Northeastern Coniferous Forests}},
    year = {1958},
    journal = {Ecology},
    author = {Macarthur, Robert H},
    number = {4},
    pages = {599--619},
    volume = {39}
}

@article{Milchunas1993QuantitativeEnvironments,
    title = {{Quantitative Effects of Grazing on Vegetation and Soils Over a Global Range of Environments}},
    year = {1993},
    journal = {Ecological Monographs},
    author = {Milchunas, D G and Lauenroth, W K},
    number = {4},
    pages = {327--366},
    volume = {63}
}

@article{Mcgill2006RebuildingTraits,
    title = {{Rebuilding community ecology from functional traits}},
    year = {2006},
    journal = {Trends in Ecology and Evolution},
    author = {Mcgill, Brian J. and Enquist, Brian J. and Weiher, Evan and Westoby, Mark},
    number = {4},
    pages = {178--185},
    volume = {21},
    isbn = {0169-5347},
    doi = {10.1016/j.tree.2006.02.002},
    issn = {01695347},
    pmid = {16701083},
    arxivId = {arXiv:1011.1669v3}
}

@article{Hoover2014ResistanceExtremes,
    title = {{Resistance and resilience of a grassland ecosystem to climate extremes}},
    year = {2014},
    journal = {Ecology},
    author = {Hoover, David L and Knapp, Alan K and Smith, Melinda D},
    number = {9},
    pages = {2646--2656},
    volume = {95},
    keywords = {2008, 2011, 2012, aboveground productivity, climate extremes, community reordering, compensation, demographic, dominant species, dreesen et al, ecosystem, functional groups, jentsch et al, kreyling et al, level impacts, to major effects on},
    doi = {10.1890/13-2186.1}
}

@article{Hoover2014ResistanceExtremesb,
    title = {{Resistance and resilience of a grassland ecosystem to climate extremes}},
    year = {2014},
    journal = {Ecology},
    author = {Hoover, David L. and Knapp, Alan K. and Smith, Melinda D.},
    number = {9},
    pages = {2646--2656},
    volume = {95},
    doi = {10.1890/13-2186.1},
    issn = {00129658},
    keywords = {Aboveground productivity, Climate extremes, Community reordering, Demographic compensation, Dominant species, Functional groups}
}

@article{Knapp2020ResolvingDrought,
    title = {{Resolving the Dust Bowl paradox of grassland responses to extreme drought}},
    year = {2020},
    journal = {Proceedings of the National Academy of Sciences of the United States of America},
    author = {Knapp, Alan K. and Chen, Anping and Griffin-Nolan, Robert J. and Baur, Lauren E. and Carroll, Charles J.W. and Gray, Jesse E. and Hoffman, Ava M. and Li, Xiran and Post, Alison K. and Slette, Ingrid J. and Collins, Scott L. and Luo, Yiqi and Smith, Melinda D.},
    number = {36},
    pages = {22249--22255},
    volume = {117},
    doi = {10.1073/pnas.1922030117},
    issn = {10916490},
    pmid = {32839346},
    keywords = {climate change, extreme drought, photosynthetic pathway, precipitation seasonality}
}

@article{Funk2017RevisitingProcesses,
    title = {{Revisiting the Holy Grail: Using plant functional traits to understand ecological processes}},
    year = {2017},
    journal = {Biological Reviews},
    author = {Funk, Jennifer L. and Larson, Julie E. and Ames, Gregory M. and Butterfield, Bradley J. and Cavender-Bares, Jeannine and Firn, Jennifer and Laughlin, Daniel C. and Sutton-Grier, Ariana E. and Williams, Laura and Wright, Justin},
    number = {2},
    pages = {1156--1173},
    volume = {92},
    isbn = {1714744795},
    doi = {10.1111/brv.12275},
    issn = {1469185X},
    keywords = {Community assembly, Ecological modelling, Effect traits, Functional diversity, Intraspecific variation, Leaf economics spectrum, Response traits}
}

@article{Roumet2016RootEconomy,
    title = {{Root structure-function relationships in 74 species: Evidence of a root economics spectrum related to carbon economy}},
    year = {2016},
    journal = {New Phytologist},
    author = {Roumet, Catherine and Birouste, Marine and Picon-Cochard, Catherine and Ghestem, Murielle and Osman, Normaniza and Vrignon-Brenas, Sylvain and Cao, Kun fang and Stokes, Alexia},
    number = {3},
    pages = {815--826},
    volume = {210},
    doi = {10.1111/nph.13828},
    issn = {14698137},
    pmid = {26765311},
    keywords = {Economics spectrum, Eudicots, Fine-root traits, Graminoids, Nitrogen, Plant diversity, Root decomposability, Root respiration}
}

@article{Kummerow1977RootShrubs,
    title = {{Root systems of chaparral shrubs}},
    year = {1977},
    journal = {Oecologia},
    author = {Kummerow, Jochen and Krause, David and Jow, William},
    number = {2},
    pages = {163--177},
    volume = {29},
    doi = {10.1007/BF00345795},
    issn = {00298519}
}

@article{Ferrier2006SpatialLevel,
    title = {{Spatial modelling of biodiversity at the community level}},
    year = {2006},
    journal = {Journal of Applied Ecology},
    author = {Ferrier, Simon and Guisan, Antoine},
    number = {3},
    pages = {393--404},
    volume = {43},
    doi = {10.1111/j.1365-2664.2006.01149.x},
    issn = {00218901},
    keywords = {Biodiversity, Community, Composition, Modelling, Prediction, Spatial, Statistical}
}

@article{Elith2009SpeciesTime,
    title = {{Species Distribution Models: Ecological Explanation and Prediction Across Space and Time}},
    year = {2009},
    journal = {Annual Review of Ecology, Evolution, and Systematics},
    author = {Elith, Jane and Leathwick, John R.},
    number = {1},
    pages = {677--697},
    volume = {40},
    doi = {10.1146/annurev.ecolsys.110308.120159},
    issn = {1543-592X},
    keywords = {climate change, invasions, niche, predict, presence-only, spatial}
}

@article{Suttle2007SpeciesClimate,
    title = {{Species Interactions Reverse Grassland Responses to Changing Climate}},
    year = {2007},
    journal = {Science},
    author = {Suttle, K B and Thomsen, Meredith A and Power, Mary E},
    number = {5812},
    month = {2},
    pages = {640--642},
    volume = {315},
    url = {https://www.sciencemag.org/lookup/doi/10.1126/science.1136401},
    isbn = {0036-8075, 1095-9203},
    doi = {10.1126/science.1136401},
    issn = {0036-8075},
    pmid = {17272720}
}

@article{Wilson1999SpecificStrategies,
    title = {{Specific leaf area and leaf dry matter content as alternative predictors of plant strategies}},
    year = {1999},
    journal = {New Phytologist},
    author = {Wilson, Peter J. and Thompson, Ken and Hodgson, John G.},
    number = {1},
    pages = {155--162},
    volume = {143},
    doi = {10.1046/j.1469-8137.1999.00427.x},
    issn = {0028646X},
    keywords = {CSR, Ecosystem function, Functional types, Leaf area, Leaf thickness, Leaves, Resource use, Tissue density}
}

@article{Wilson1999SpecificStrategiesb,
    title = {{Specific leaf area and leaf dry matter content as alternative predictors of plant strategies}},
    year = {1999},
    journal = {New Phytologist},
    author = {Wilson, Peter J. and Thompson, Ken and Hodgson, John G.},
    number = {1},
    pages = {155--162},
    volume = {143},
    doi = {10.1046/j.1469-8137.1999.00427.x},
    issn = {0028646X},
    keywords = {CSR, Ecosystem function, Functional types, Leaf area, Leaf thickness, Leaves, Resource use, Tissue density}
}

@article{Chaudhary2020TenLab,
    title = {{Ten simple rules for building an antiracist lab}},
    year = {2020},
    journal = {PLOS Computational Biology},
    author = {Chaudhary, V. Bala and Berhe, Asmeret Asefaw},
    number = {10},
    pages = {e1008210},
    volume = {16},
    url = {http://dx.doi.org/10.1371/journal.pcbi.1008210},
    isbn = {1111111111},
    doi = {10.1371/journal.pcbi.1008210}
}

@article{Bartlett2016TheDrought,
    title = {{The correlations and sequence of plant stomatal, hydraulic, and wilting responses to drought}},
    year = {2016},
    journal = {Proceedings of the National Academy of Sciences of the United States of America},
    author = {Bartlett, Megan K. and Klein, Tamir and Jansen, Steven and Choat, Brendan and Sack, Lawren},
    number = {46},
    pages = {13098--13103},
    volume = {113},
    doi = {10.1073/pnas.1604088113},
    issn = {10916490},
    pmid = {27807136},
    keywords = {Drought tolerance, Leaf hydraulics, Stem hydraulics, Stomatal closure, Turgor loss point}
}

@article{Obeso2002ThePlants,
    title = {{The costs of reproduction in plants}},
    year = {2002},
    journal = {New Phytologist},
    author = {Obeso, José Ramón},
    number = {155},
    pages = {321--348},
    keywords = {compensatory growth, costs, demographic costs, dioecy, physiological, physiological integration, plant, size, somatic costs}
}

@article{Hilde2020TheChallenges,
    title = {{The Demographic Buffering Hypothesis: Evidence and Challenges}},
    year = {2020},
    journal = {Trends in Ecology and Evolution},
    author = {Hilde, Christoffer H. and Gamelon, Marlène and S{\ae}ther, Bernt Erik and Gaillard, Jean Michel and Yoccoz, Nigel G. and P{\'{e}}labon, Christophe},
    number = {xx},
    volume = {xx},
    publisher = {The Authors},
    url = {https://doi.org/10.1016/j.tree.2020.02.004},
    doi = {10.1016/j.tree.2020.02.004},
    issn = {01695347},
    keywords = {demographic lability, elasticity, environmental stochasticity, population growth rate, sensitivity, vital rates}
}

@article{Hilde2020TheChallengesb,
    title = {{The Demographic Buffering Hypothesis: Evidence and Challenges}},
    year = {2020},
    journal = {Trends in Ecology and Evolution},
    author = {Hilde, Christoffer H. and Gamelon, Marlène and S{\ae}ther, Bernt Erik and Gaillard, Jean Michel and Yoccoz, Nigel G. and P{\'{e}}labon, Christophe},
    number = {6},
    pages = {523--538},
    volume = {35},
    publisher = {The Author(s)},
    url = {https://doi.org/10.1016/j.tree.2020.02.004},
    doi = {10.1016/j.tree.2020.02.004},
    issn = {01695347},
    pmid = {32396819},
    keywords = {demographic lability, elasticity, environmental stochasticity, population growth rate, sensitivity, vital rates}
}

@article{Leibold2004TheEcology,
    title = {{The metacommunity concept: A framework for multi-scale community ecology}},
    year = {2004},
    journal = {Ecology Letters},
    author = {Leibold, M. A. and Holyoak, M. and Mouquet, N. and Amarasekare, P. and Chase, J. M. and Hoopes, M. F. and Holt, R. D. and Shurin, J. B. and Law, R. and Tilman, D. and Loreau, M. and Gonzalez, A.},
    number = {7},
    pages = {601--613},
    volume = {7},
    doi = {10.1111/j.1461-0248.2004.00608.x},
    issn = {1461023X},
    keywords = {Mass effects, Metacommunity, Neutral model, Patch dynamics, Species sorting}
}

@article{Laughlin2020TheFitness,
    title = {{The Net Effect of Functional Traits on Fitness}},
    year = {2020},
    journal = {Trends in Ecology and Evolution},
    author = {Laughlin, Daniel C. and Gremer, Jennifer R. and Adler, Peter B. and Mitchell, Rachel M. and Moore, Margaret M.},
    number = {11},
    pages = {1037--1047},
    volume = {35},
    publisher = {Elsevier Ltd},
    %url = {https://doi.org/10.1016/j.tree.2020.07.010},
    doi = {10.1016/j.tree.2020.07.010},
    issn = {01695347},
    pmid = {32807503},
    keywords = {comparative functional ecology, demographic trade-offs, density dependence, intrinsic growth rate, plant community assembly, population growth rate, vital rates}
}

@article{Levin1992TheEcology,
    title = {{The problem of pattern and scale in ecology}},
    year = {1992},
    journal = {Ecology},
    author = {Levin, S. A.},
    number = {6},
    pages = {1943--1967},
    volume = {73},
    doi = {10.2307/1941447},
    issn = {00129658},
    keywords = {heterogeneity, patchiness, pattern, scale, variability}
}

@article{Chave2013The20years,
    title = {{The problem of pattern and scale in ecology: What have we learned in 20 years?}},
    year = {2013},
    journal = {Ecology Letters},
    author = {Chave, Jérôme},
    number = {SUPPL.1},
    pages = {4--16},
    volume = {16},
    doi = {10.1111/ele.12048},
    issn = {1461023X},
    keywords = {Eco-evolutionary dynamics, Global change, Modularity, Pattern, Scale, Spatial ecology}
}

@article{Craine2001TheGradients,
    title = {{The relationships among root and leaf traits of 76 grassland species and relative abundance along fertility and disturbance gradients}},
    year = {2001},
    journal = {Oikos},
    author = {Craine, J. M. and Froehle, J. and Tilman, D. G. and Wedin, D. A. and Chapin, F. S.},
    number = {2},
    pages = {274--285},
    volume = {93},
    doi = {10.1034/j.1600-0706.2001.930210.x},
    issn = {00301299}
}

@article{Estes2018TheEcology,
    title = {{The spatial and temporal domains of modern ecology}},
    year = {2018},
    journal = {Nature Ecology and Evolution},
    author = {Estes, Lyndon and Elsen, Paul R. and Treuer, Timothy and Ahmed, Labeeb and Caylor, Kelly and Chang, Jason and Choi, Jonathan J. and Ellis, Erle C.},
    number = {5},
    pages = {819--826},
    volume = {2},
    publisher = {Springer US},
    url = {http://dx.doi.org/10.1038/s41559-018-0524-4},
    doi = {10.1038/s41559-018-0524-4},
    issn = {2397334X}
}

@book{Gause1934TheExistence,
    title = {{The struggle for existence}},
    year = {1934},
    author = {Gause, G F},
    publisher = {Hafner},
    address = {New York}
}

@article{Turner1933TheSeeds,
    title = {{The Viability of Seeds}},
    year = {1933},
    journal = {Bulletin of Miscellaneous Information (Royal Botanic Gardens, Kew)},
    author = {Turner, J H},
    number = {6},
    pages = {257--269},
    volume = {1933}
}

@article{Frenette-Dussault2013Trait-basedSteppes,
    title = {{Trait-based climate change predictions of plant community structure in arid steppes}},
    year = {2013},
    journal = {Journal of Ecology},
    author = {Frenette-Dussault, Cédric and Shipley, Bill and Meziane, Driss and Hingrat, Yves},
    number = {2},
    pages = {484--492},
    volume = {101},
    doi = {10.1111/1365-2745.12040},
    issn = {00220477},
    keywords = {Community assembly, Determinants of plant community diversity and stru, Eastern Morocco, Functional traits, Grazing, Maximum entropy, Species pool, Vegetation dynamics}
}

@article{Metcalfe2020UsingDynamics,
    title = {{Using functional traits to model annual plant community dynamics}},
    year = {2020},
    journal = {Ecology},
    author = {Metcalfe, Helen and Milne, Alice E. and Deledalle, Florent and Storkey, Jonathan},
    number = {11},
    pages = {1--36},
    volume = {101},
    doi = {10.1002/ecy.3167},
    issn = {19399170},
    keywords = {annual plants, arable weeds, community dynamics, ecological function, environmental filtering, functional diversity, functional traits, population dynamics modeling}
}

@article{Volaire2020WhatProcesses,
    title = {{What do you mean “functional” in ecology? Patterns versus processes}},
    year = {2020},
    journal = {Ecology and Evolution},
    author = {Volaire, Florence and Gleason, Sean M. and Delzon, Sylvain},
    number = {21},
    pages = {11875--11885},
    volume = {10},
    doi = {10.1002/ece3.6781},
    issn = {20457758},
    keywords = {functional trait, genetic variability, life form, ontogeny, pattern, process}
}

@article{Nunes2017WhichDrylands,
    title = {{Which plant traits respond to aridity? A critical step to assess functional diversity in Mediterranean drylands}},
    year = {2017},
    journal = {Agricultural and Forest Meteorology},
    author = {Nunes, Alice and K{\"{o}}bel, Melanie and Pinho, Pedro and Matos, Paula and Bello, Francesco de and Correia, Otília and Branquinho, Cristina},
    pages = {176--184},
    volume = {239},
    publisher = {Elsevier B.V.},
    doi = {10.1016/j.agrformet.2017.03.007},
    issn = {01681923},
    keywords = {Annual plants, Climatic gradient, Community-weighted-mean, Functional dispersion, Grassland, Holm-oak woodlands}
}